day;timestamp;product;bid_price_1;bid_volume_1;bid_price_2;bid_volume_2;bid_price_3;bid_volume_3;ask_price_1;ask_volume_1;ask_price_2;ask_volume_2;ask_price_3;ask_volume_3;mid_price;profit_and_loss
yf_ZC=F_d3;0;ASH_COATED_OSMIUM;9905;16;9901;22;;;9918;12;9922;20;;;9911.5;0.0
yf_ZC=F_d3;0;INTARIAN_PEPPER_ROOT;10241;13;10237;22;;;10247;18;10250;14;;;10244.0;0.0
yf_ZC=F_d3;100;ASH_COATED_OSMIUM;9906;10;9903;18;;;9919;14;9921;27;;;9912.5;0.0
yf_ZC=F_d3;100;INTARIAN_PEPPER_ROOT;10239;19;10235;22;;;10245;15;10249;10;;;10242.0;0.0
yf_ZC=F_d3;200;ASH_COATED_OSMIUM;9902;14;9900;21;;;9922;18;9926;15;;;9912.0;0.0
yf_ZC=F_d3;200;INTARIAN_PEPPER_ROOT;10237;19;10235;21;;;10243;12;10247;26;;;10240.0;0.0
yf_ZC=F_d3;300;ASH_COATED_OSMIUM;9909;8;9905;18;;;9915;6;9917;20;;;9912.0;0.0
yf_ZC=F_d3;300;INTARIAN_PEPPER_ROOT;10236;15;10233;14;;;10242;16;10244;21;;;10239.0;0.0
yf_ZC=F_d3;400;ASH_COATED_OSMIUM;9907;5;9905;19;;;9917;15;9920;18;;;9912.0;0.0
yf_ZC=F_d3;400;INTARIAN_PEPPER_ROOT;10235;17;10232;31;;;10241;13;10243;23;;;10238.0;0.0
yf_ZC=F_d3;500;ASH_COATED_OSMIUM;9909;6;9905;24;;;9915;15;9917;17;;;9912.0;0.0
yf_ZC=F_d3;500;INTARIAN_PEPPER_ROOT;10234;15;10231;16;;;10240;16;10244;19;;;10237.0;0.0
yf_ZC=F_d3;600;ASH_COATED_OSMIUM;9909;18;9905;14;;;9915;5;9917;14;;;9912.0;0.0
yf_ZC=F_d3;600;INTARIAN_PEPPER_ROOT;10232;5;10230;23;;;10238;11;10242;18;;;10235.0;0.0
yf_ZC=F_d3;700;ASH_COATED_OSMIUM;9909;12;9907;15;;;9915;23;9919;16;;;9912.0;0.0
yf_ZC=F_d3;700;INTARIAN_PEPPER_ROOT;10229;13;10226;20;;;10238;15;10240;26;;;10233.5;0.0
yf_ZC=F_d3;800;ASH_COATED_OSMIUM;9903;7;9900;21;;;9922;16;9925;27;;;9912.5;0.0
yf_ZC=F_d3;800;INTARIAN_PEPPER_ROOT;10229;23;10226;19;;;10235;15;10237;24;;;10232.0;0.0
yf_ZC=F_d3;900;ASH_COATED_OSMIUM;9900;16;9898;21;;;9925;5;9927;18;;;9912.5;0.0
yf_ZC=F_d3;900;INTARIAN_PEPPER_ROOT;10228;12;10225;17;;;10234;10;10238;20;;;10231.0;0.0
yf_ZC=F_d3;1000;ASH_COATED_OSMIUM;9905;11;9902;27;;;9919;19;9922;20;;;9912.0;0.0
yf_ZC=F_d3;1000;INTARIAN_PEPPER_ROOT;10221;13;10218;29;;;10238;13;10241;21;;;10229.5;0.0
yf_ZC=F_d3;1100;ASH_COATED_OSMIUM;9909;28;9905;11;;;9915;17;9917;17;;;9912.0;0.0
yf_ZC=F_d3;1100;INTARIAN_PEPPER_ROOT;10219;16;10215;19;;;10238;13;10241;19;;;10228.5;0.0
yf_ZC=F_d3;1200;ASH_COATED_OSMIUM;9909;13;9907;23;;;9915;16;9919;21;;;9912.0;0.0
yf_ZC=F_d3;1200;INTARIAN_PEPPER_ROOT;10223;11;10220;17;;;10229;17;10233;13;;;10226.0;0.0
yf_ZC=F_d3;1300;ASH_COATED_OSMIUM;9909;5;9907;14;;;9915;7;9919;25;;;9912.0;0.0
yf_ZC=F_d3;1300;INTARIAN_PEPPER_ROOT;10221;13;10219;25;;;10227;17;10230;13;;;10224.0;0.0
yf_ZC=F_d3;1400;ASH_COATED_OSMIUM;9909;12;9906;18;;;9916;20;9919;12;;;9912.5;0.0
yf_ZC=F_d3;1400;INTARIAN_PEPPER_ROOT;10216;18;10212;24;;;10230;15;10234;16;;;10223.0;0.0
yf_ZC=F_d3;1500;ASH_COATED_OSMIUM;9904;14;9901;19;;;9921;17;9925;17;;;9912.5;0.0
yf_ZC=F_d3;1500;INTARIAN_PEPPER_ROOT;10216;13;10212;19;;;10226;13;10230;18;;;10221.0;0.0
yf_ZC=F_d3;1600;ASH_COATED_OSMIUM;9910;19;9908;14;;;9916;8;9920;25;;;9913.0;0.0
yf_ZC=F_d3;1600;INTARIAN_PEPPER_ROOT;10217;16;10214;19;;;10223;9;10225;29;;;10220.0;0.0
yf_ZC=F_d3;1700;ASH_COATED_OSMIUM;9909;20;9906;16;;;9915;9;9919;17;;;9912.0;0.0
yf_ZC=F_d3;1700;INTARIAN_PEPPER_ROOT;10216;13;10214;16;;;10222;8;10224;25;;;10219.0;0.0
yf_ZC=F_d3;1800;ASH_COATED_OSMIUM;9910;16;9906;19;;;9916;9;9918;29;;;9913.0;0.0
yf_ZC=F_d3;1800;INTARIAN_PEPPER_ROOT;10211;11;10207;13;;;10224;17;10226;25;;;10217.5;0.0
yf_ZC=F_d3;1900;ASH_COATED_OSMIUM;9910;10;9907;16;;;9916;5;9918;26;;;9913.0;0.0
yf_ZC=F_d3;1900;INTARIAN_PEPPER_ROOT;10213;10;10211;24;;;10219;16;10222;22;;;10216.0;0.0
yf_ZC=F_d3;2000;ASH_COATED_OSMIUM;9909;14;9905;24;;;9917;22;9921;23;;;9913.0;0.0
yf_ZC=F_d3;2000;INTARIAN_PEPPER_ROOT;10212;15;10209;27;;;10218;12;10220;24;;;10215.0;0.0
yf_ZC=F_d3;2100;ASH_COATED_OSMIUM;9910;20;9908;20;;;9916;11;9919;10;;;9913.0;0.0
yf_ZC=F_d3;2100;INTARIAN_PEPPER_ROOT;10210;22;10207;14;;;10216;12;10220;25;;;10213.0;0.0
yf_ZC=F_d3;2200;ASH_COATED_OSMIUM;9910;25;9906;17;;;9916;14;9920;19;;;9913.0;0.0
yf_ZC=F_d3;2200;INTARIAN_PEPPER_ROOT;10209;19;10205;16;;;10215;14;10219;15;;;10212.0;0.0
yf_ZC=F_d3;2300;ASH_COATED_OSMIUM;9909;7;9907;18;;;9915;9;9919;31;;;9912.0;0.0
yf_ZC=F_d3;2300;INTARIAN_PEPPER_ROOT;10203;11;10199;16;;;10218;22;10220;27;;;10210.5;0.0
yf_ZC=F_d3;2400;ASH_COATED_OSMIUM;9908;16;9905;14;;;9918;20;9920;19;;;9913.0;0.0
yf_ZC=F_d3;2400;INTARIAN_PEPPER_ROOT;10206;12;10204;21;;;10212;5;10216;21;;;10209.0;0.0
yf_ZC=F_d3;2500;ASH_COATED_OSMIUM;9910;12;9906;22;;;9916;16;9919;22;;;9913.0;0.0
yf_ZC=F_d3;2500;INTARIAN_PEPPER_ROOT;10205;13;10203;15;;;10211;29;10215;17;;;10208.0;0.0
yf_ZC=F_d3;2600;ASH_COATED_OSMIUM;9910;9;9907;16;;;9916;10;9918;16;;;9913.0;0.0
yf_ZC=F_d3;2600;INTARIAN_PEPPER_ROOT;10202;12;10198;24;;;10210;14;10214;27;;;10206.0;0.0
yf_ZC=F_d3;2700;ASH_COATED_OSMIUM;9901;19;9898;25;;;9925;16;9927;16;;;9913.0;0.0
yf_ZC=F_d3;2700;INTARIAN_PEPPER_ROOT;10202;12;10200;21;;;10208;19;10210;19;;;10205.0;0.0
yf_ZC=F_d3;2800;ASH_COATED_OSMIUM;9910;12;9907;20;;;9916;11;9918;20;;;9913.0;0.0
yf_ZC=F_d3;2800;INTARIAN_PEPPER_ROOT;10191;17;10187;23;;;10214;16;10217;22;;;10202.5;0.0
yf_ZC=F_d3;2900;ASH_COATED_OSMIUM;9910;15;9908;21;;;9916;10;9920;25;;;9913.0;0.0
yf_ZC=F_d3;2900;INTARIAN_PEPPER_ROOT;10194;23;10191;20;;;10209;14;10211;25;;;10201.5;0.0
yf_ZC=F_d3;3000;ASH_COATED_OSMIUM;9903;14;9901;14;;;9923;25;9927;17;;;9913.0;0.0
yf_ZC=F_d3;3000;INTARIAN_PEPPER_ROOT;10198;12;10194;24;;;10204;15;10208;26;;;10201.0;0.0
yf_ZC=F_d3;3100;ASH_COATED_OSMIUM;9910;15;9908;19;;;9916;16;9918;19;;;9913.0;0.0
yf_ZC=F_d3;3100;INTARIAN_PEPPER_ROOT;10190;14;10188;24;;;10208;19;10210;11;;;10199.0;0.0
yf_ZC=F_d3;3200;ASH_COATED_OSMIUM;9905;13;9902;17;;;9921;12;9925;13;;;9913.0;0.0
yf_ZC=F_d3;3200;INTARIAN_PEPPER_ROOT;10192;20;10189;21;;;10202;21;10205;15;;;10197.0;0.0
yf_ZC=F_d3;3300;ASH_COATED_OSMIUM;9911;12;9907;17;;;9917;22;9920;21;;;9914.0;0.0
yf_ZC=F_d3;3300;INTARIAN_PEPPER_ROOT;10193;11;10189;27;;;10199;13;10201;24;;;10196.0;0.0
yf_ZC=F_d3;3400;ASH_COATED_OSMIUM;9910;23;9908;22;;;9916;14;9919;17;;;9913.0;0.0
yf_ZC=F_d3;3400;INTARIAN_PEPPER_ROOT;10191;12;10189;19;;;10197;13;10201;15;;;10194.0;0.0
yf_ZC=F_d3;3500;ASH_COATED_OSMIUM;9909;8;9907;17;;;9918;11;9920;21;;;9913.5;0.0
yf_ZC=F_d3;3500;INTARIAN_PEPPER_ROOT;10190;16;10187;18;;;10197;17;10200;20;;;10193.5;0.0
yf_ZC=F_d3;3600;ASH_COATED_OSMIUM;9910;14;9907;12;;;9916;13;9918;22;;;9913.0;0.0
yf_ZC=F_d3;3600;INTARIAN_PEPPER_ROOT;10189;11;10185;31;;;10195;15;10197;22;;;10192.0;0.0
yf_ZC=F_d3;3700;ASH_COATED_OSMIUM;9911;20;9909;30;;;9917;10;9920;8;;;9914.0;0.0
yf_ZC=F_d3;3700;INTARIAN_PEPPER_ROOT;10187;14;10183;21;;;10193;22;10196;14;;;10190.0;0.0
yf_ZC=F_d3;3800;ASH_COATED_OSMIUM;9900;9;9898;23;;;9927;12;9929;21;;;9913.5;0.0
yf_ZC=F_d3;3800;INTARIAN_PEPPER_ROOT;10185;13;10182;23;;;10191;19;10195;18;;;10188.0;0.0
yf_ZC=F_d3;3900;ASH_COATED_OSMIUM;9910;14;9907;24;;;9916;17;9919;22;;;9913.0;0.0
yf_ZC=F_d3;3900;INTARIAN_PEPPER_ROOT;10184;22;10181;16;;;10190;11;10192;23;;;10187.0;0.0
yf_ZC=F_d3;4000;ASH_COATED_OSMIUM;9910;13;9907;19;;;9917;17;9919;20;;;9913.5;0.0
yf_ZC=F_d3;4000;INTARIAN_PEPPER_ROOT;10183;11;10179;15;;;10189;7;10193;14;;;10186.0;0.0
yf_ZC=F_d3;4100;ASH_COATED_OSMIUM;9901;18;9899;19;;;9926;13;9928;22;;;9913.5;0.0
yf_ZC=F_d3;4100;INTARIAN_PEPPER_ROOT;10182;8;10178;14;;;10189;12;10193;16;;;10185.5;0.0
yf_ZC=F_d3;4200;ASH_COATED_OSMIUM;9906;5;9904;19;;;9920;18;9923;21;;;9913.0;0.0
yf_ZC=F_d3;4200;INTARIAN_PEPPER_ROOT;10180;19;10176;25;;;10186;10;10189;22;;;10183.0;0.0
yf_ZC=F_d3;4300;ASH_COATED_OSMIUM;9910;11;9906;30;;;9916;14;9920;14;;;9913.0;0.0
yf_ZC=F_d3;4300;INTARIAN_PEPPER_ROOT;10178;20;10175;26;;;10184;9;10188;17;;;10181.0;0.0
yf_ZC=F_d3;4400;ASH_COATED_OSMIUM;9906;9;9902;24;;;9922;14;9925;22;;;9914.0;0.0
yf_ZC=F_d3;4400;INTARIAN_PEPPER_ROOT;10177;20;10173;17;;;10183;13;10187;23;;;10180.0;0.0
yf_ZC=F_d3;4500;ASH_COATED_OSMIUM;9911;17;9909;23;;;9917;11;9920;20;;;9914.0;0.0
yf_ZC=F_d3;4500;INTARIAN_PEPPER_ROOT;10175;21;10172;23;;;10181;17;10184;21;;;10178.0;0.0
yf_ZC=F_d3;4600;ASH_COATED_OSMIUM;9911;19;9908;20;;;9917;13;9919;19;;;9914.0;0.0
yf_ZC=F_d3;4600;INTARIAN_PEPPER_ROOT;10175;13;10171;22;;;10181;18;10185;13;;;10178.0;0.0
yf_ZC=F_d3;4700;ASH_COATED_OSMIUM;9911;13;9907;21;;;9917;13;9921;19;;;9914.0;0.0
yf_ZC=F_d3;4700;INTARIAN_PEPPER_ROOT;10162;10;10160;11;;;10190;16;10194;20;;;10176.0;0.0
yf_ZC=F_d3;4800;ASH_COATED_OSMIUM;9902;16;9900;22;;;9924;17;9927;23;;;9913.0;0.0
yf_ZC=F_d3;4800;INTARIAN_PEPPER_ROOT;10172;8;10170;21;;;10178;16;10181;20;;;10175.0;0.0
yf_ZC=F_d3;4900;ASH_COATED_OSMIUM;9911;14;9907;27;;;9917;18;9920;18;;;9914.0;0.0
yf_ZC=F_d3;4900;INTARIAN_PEPPER_ROOT;10170;8;10167;8;;;10176;14;10179;24;;;10173.0;0.0
yf_ZC=F_d3;5000;ASH_COATED_OSMIUM;9911;18;9909;19;;;9917;17;9919;10;;;9914.0;0.0
yf_ZC=F_d3;5000;INTARIAN_PEPPER_ROOT;10168;15;10164;13;;;10174;5;10178;20;;;10171.0;0.0
yf_ZC=F_d3;5100;ASH_COATED_OSMIUM;9904;15;9902;10;;;9924;11;9927;14;;;9914.0;0.0
yf_ZC=F_d3;5100;INTARIAN_PEPPER_ROOT;10165;11;10163;10;;;10175;22;10177;16;;;10170.0;0.0
yf_ZC=F_d3;5200;ASH_COATED_OSMIUM;9908;13;9904;25;;;9920;16;9922;22;;;9914.0;0.0
yf_ZC=F_d3;5200;INTARIAN_PEPPER_ROOT;10158;15;10155;20;;;10180;14;10183;20;;;10169.0;0.0
yf_ZC=F_d3;5300;ASH_COATED_OSMIUM;9908;8;9904;13;;;9920;19;9922;18;;;9914.0;0.0
yf_ZC=F_d3;5300;INTARIAN_PEPPER_ROOT;10163;12;10161;18;;;10171;6;10174;18;;;10167.0;0.0
yf_ZC=F_d3;5400;ASH_COATED_OSMIUM;9911;16;9909;29;;;9917;13;9920;18;;;9914.0;0.0
yf_ZC=F_d3;5400;INTARIAN_PEPPER_ROOT;10158;13;10154;16;;;10174;15;10178;8;;;10166.0;0.0
yf_ZC=F_d3;5500;ASH_COATED_OSMIUM;9907;29;9905;15;;;9920;13;9924;17;;;9913.5;0.0
yf_ZC=F_d3;5500;INTARIAN_PEPPER_ROOT;10161;14;10159;22;;;10167;18;10171;19;;;10164.0;0.0
yf_ZC=F_d3;5600;ASH_COATED_OSMIUM;9907;11;9905;21;;;9921;6;9923;15;;;9914.0;0.0
yf_ZC=F_d3;5600;INTARIAN_PEPPER_ROOT;10160;14;10158;22;;;10166;14;10169;17;;;10163.0;0.0
yf_ZC=F_d3;5700;ASH_COATED_OSMIUM;9911;11;9908;29;;;9917;9;9920;16;;;9914.0;0.0
yf_ZC=F_d3;5700;INTARIAN_PEPPER_ROOT;10158;14;10156;9;;;10164;21;10166;32;;;10161.0;0.0
yf_ZC=F_d3;5800;ASH_COATED_OSMIUM;9911;22;9909;21;;;9917;23;9921;21;;;9914.0;0.0
yf_ZC=F_d3;5800;INTARIAN_PEPPER_ROOT;10156;10;10153;17;;;10162;14;10166;19;;;10159.0;0.0
yf_ZC=F_d3;5900;ASH_COATED_OSMIUM;9904;18;9900;26;;;9924;18;9928;19;;;9914.0;0.0
yf_ZC=F_d3;5900;INTARIAN_PEPPER_ROOT;10154;15;10152;16;;;10162;20;10164;15;;;10158.0;0.0
yf_ZC=F_d3;6000;ASH_COATED_OSMIUM;9911;12;9907;20;;;9917;18;9921;20;;;9914.0;0.0
yf_ZC=F_d3;6000;INTARIAN_PEPPER_ROOT;10154;13;10152;18;;;10160;17;10163;16;;;10157.0;0.0
yf_ZC=F_d3;6100;ASH_COATED_OSMIUM;9911;5;9909;23;;;9917;5;9920;15;;;9914.0;0.0
yf_ZC=F_d3;6100;INTARIAN_PEPPER_ROOT;10153;9;10149;21;;;10159;13;10163;22;;;10156.0;0.0
yf_ZC=F_d3;6200;ASH_COATED_OSMIUM;9911;16;9908;20;;;9917;21;9920;18;;;9914.0;0.0
yf_ZC=F_d3;6200;INTARIAN_PEPPER_ROOT;10151;16;10149;22;;;10157;14;10159;18;;;10154.0;0.0
yf_ZC=F_d3;6300;ASH_COATED_OSMIUM;9901;17;9897;12;;;9928;15;9931;23;;;9914.5;0.0
yf_ZC=F_d3;6300;INTARIAN_PEPPER_ROOT;10143;25;10139;17;;;10163;13;10165;22;;;10153.0;0.0
yf_ZC=F_d3;6400;ASH_COATED_OSMIUM;9910;23;9908;26;;;9918;5;9922;15;;;9914.0;0.0
yf_ZC=F_d3;6400;INTARIAN_PEPPER_ROOT;10148;11;10146;22;;;10154;13;10156;17;;;10151.0;0.0
yf_ZC=F_d3;6500;ASH_COATED_OSMIUM;9911;19;9908;25;;;9917;13;9919;15;;;9914.0;0.0
yf_ZC=F_d3;6500;INTARIAN_PEPPER_ROOT;10147;10;10143;17;;;10153;14;10155;18;;;10150.0;0.0
yf_ZC=F_d3;6600;ASH_COATED_OSMIUM;9911;18;9909;20;;;9917;19;9919;16;;;9914.0;0.0
yf_ZC=F_d3;6600;INTARIAN_PEPPER_ROOT;10145;14;10142;14;;;10151;16;10154;18;;;10148.0;0.0
yf_ZC=F_d3;6700;ASH_COATED_OSMIUM;9909;15;9905;22;;;9920;21;9922;14;;;9914.5;0.0
yf_ZC=F_d3;6700;INTARIAN_PEPPER_ROOT;10143;11;10140;27;;;10149;19;10153;21;;;10146.0;0.0
yf_ZC=F_d3;6800;ASH_COATED_OSMIUM;9908;16;9904;24;;;9920;19;9922;15;;;9914.0;0.0
yf_ZC=F_d3;6800;INTARIAN_PEPPER_ROOT;10142;19;10139;27;;;10148;24;10150;21;;;10145.0;0.0
yf_ZC=F_d3;6900;ASH_COATED_OSMIUM;9912;15;9908;19;;;9918;27;9920;21;;;9915.0;0.0
yf_ZC=F_d3;6900;INTARIAN_PEPPER_ROOT;10137;15;10133;16;;;10150;13;10152;21;;;10143.5;0.0
yf_ZC=F_d3;7000;ASH_COATED_OSMIUM;9912;13;9908;19;;;9918;9;9920;28;;;9915.0;0.0
yf_ZC=F_d3;7000;INTARIAN_PEPPER_ROOT;10133;13;10129;25;;;10153;15;10155;15;;;10143.0;0.0
yf_ZC=F_d3;7100;ASH_COATED_OSMIUM;9908;22;9905;19;;;9921;14;9924;19;;;9914.5;0.0
yf_ZC=F_d3;7100;INTARIAN_PEPPER_ROOT;10138;8;10135;14;;;10144;14;10148;28;;;10141.0;0.0
yf_ZC=F_d3;7200;ASH_COATED_OSMIUM;9911;6;9908;27;;;9917;9;9921;21;;;9914.0;0.0
yf_ZC=F_d3;7200;INTARIAN_PEPPER_ROOT;10136;23;10133;11;;;10144;16;10147;31;;;10140.0;0.0
yf_ZC=F_d3;7300;ASH_COATED_OSMIUM;9911;15;9908;13;;;9918;10;9921;19;;;9914.5;0.0
yf_ZC=F_d3;7300;INTARIAN_PEPPER_ROOT;10131;19;10128;22;;;10145;11;10147;18;;;10138.0;0.0
yf_ZC=F_d3;7400;ASH_COATED_OSMIUM;9912;5;9909;18;;;9918;12;9922;20;;;9915.0;0.0
yf_ZC=F_d3;7400;INTARIAN_PEPPER_ROOT;10134;15;10132;23;;;10140;12;10143;26;;;10137.0;0.0
yf_ZC=F_d3;7500;ASH_COATED_OSMIUM;9912;15;9908;14;;;9918;10;9920;16;;;9915.0;0.0
yf_ZC=F_d3;7500;INTARIAN_PEPPER_ROOT;10131;24;10127;14;;;10137;12;10139;17;;;10134.0;0.0
yf_ZC=F_d3;7600;ASH_COATED_OSMIUM;9912;13;9910;19;;;9918;15;9920;16;;;9915.0;0.0
yf_ZC=F_d3;7600;INTARIAN_PEPPER_ROOT;10131;6;10127;25;;;10137;24;10140;21;;;10134.0;0.0
yf_ZC=F_d3;7700;ASH_COATED_OSMIUM;9912;8;9909;11;;;9918;5;9920;16;;;9915.0;0.0
yf_ZC=F_d3;7700;INTARIAN_PEPPER_ROOT;10129;7;10126;20;;;10135;14;10138;30;;;10132.0;0.0
yf_ZC=F_d3;7800;ASH_COATED_OSMIUM;9912;14;9908;23;;;9918;16;9921;17;;;9915.0;0.0
yf_ZC=F_d3;7800;INTARIAN_PEPPER_ROOT;10129;15;10127;14;;;10135;12;10138;15;;;10132.0;0.0
yf_ZC=F_d3;7900;ASH_COATED_OSMIUM;9912;20;9909;27;;;9918;17;9922;20;;;9915.0;0.0
yf_ZC=F_d3;7900;INTARIAN_PEPPER_ROOT;10127;13;10123;22;;;10133;16;10136;20;;;10130.0;0.0
yf_ZC=F_d3;8000;ASH_COATED_OSMIUM;9910;11;9907;19;;;9920;10;9923;18;;;9915.0;0.0
yf_ZC=F_d3;8000;INTARIAN_PEPPER_ROOT;10125;16;10121;21;;;10131;20;10133;30;;;10128.0;0.0
yf_ZC=F_d3;8100;ASH_COATED_OSMIUM;9912;16;9908;15;;;9918;7;9922;14;;;9915.0;0.0
yf_ZC=F_d3;8100;INTARIAN_PEPPER_ROOT;10120;18;10116;33;;;10133;10;10137;25;;;10126.5;0.0
yf_ZC=F_d3;8200;ASH_COATED_OSMIUM;9912;14;9909;21;;;9918;15;9920;17;;;9915.0;0.0
yf_ZC=F_d3;8200;INTARIAN_PEPPER_ROOT;10122;28;10118;8;;;10128;12;10132;20;;;10125.0;0.0
yf_ZC=F_d3;8300;ASH_COATED_OSMIUM;9904;10;9901;10;;;9926;17;9930;17;;;9915.0;0.0
yf_ZC=F_d3;8300;INTARIAN_PEPPER_ROOT;10104;16;10102;20;;;10142;5;10145;21;;;10123.0;0.0
yf_ZC=F_d3;8400;ASH_COATED_OSMIUM;9912;9;9909;23;;;9918;26;9921;25;;;9915.0;0.0
yf_ZC=F_d3;8400;INTARIAN_PEPPER_ROOT;10120;12;10116;18;;;10126;16;10128;22;;;10123.0;0.0
yf_ZC=F_d3;8500;ASH_COATED_OSMIUM;9909;14;9906;14;;;9921;18;9923;20;;;9915.0;0.0
yf_ZC=F_d3;8500;INTARIAN_PEPPER_ROOT;10117;10;10115;20;;;10125;20;10129;16;;;10121.0;0.0
yf_ZC=F_d3;8600;ASH_COATED_OSMIUM;9911;12;9907;21;;;9921;18;9925;24;;;9916.0;0.0
yf_ZC=F_d3;8600;INTARIAN_PEPPER_ROOT;10115;11;10113;15;;;10124;16;10128;25;;;10119.5;0.0
yf_ZC=F_d3;8700;ASH_COATED_OSMIUM;9912;11;9910;19;;;9918;17;9921;13;;;9915.0;0.0
yf_ZC=F_d3;8700;INTARIAN_PEPPER_ROOT;10084;12;10082;15;;;10152;20;10156;10;;;10118.0;0.0
yf_ZC=F_d3;8800;ASH_COATED_OSMIUM;9908;16;9906;10;;;9921;14;9923;30;;;9914.5;0.0
yf_ZC=F_d3;8800;INTARIAN_PEPPER_ROOT;10109;12;10107;17;;;10122;14;10126;26;;;10115.5;0.0
yf_ZC=F_d3;8900;ASH_COATED_OSMIUM;9911;12;9909;17;;;9917;22;9920;15;;;9914.0;0.0
yf_ZC=F_d3;8900;INTARIAN_PEPPER_ROOT;10106;5;10103;23;;;10125;13;10129;14;;;10115.5;0.0
yf_ZC=F_d3;9000;ASH_COATED_OSMIUM;9912;16;9908;24;;;9918;16;9920;16;;;9915.0;0.0
yf_ZC=F_d3;9000;INTARIAN_PEPPER_ROOT;10111;18;10108;10;;;10117;23;10120;20;;;10114.0;0.0
yf_ZC=F_d3;9100;ASH_COATED_OSMIUM;9908;10;9906;15;;;9922;23;9925;24;;;9915.0;0.0
yf_ZC=F_d3;9100;INTARIAN_PEPPER_ROOT;10104;16;10101;18;;;10120;17;10124;21;;;10112.0;0.0
yf_ZC=F_d3;9200;ASH_COATED_OSMIUM;9912;19;9909;8;;;9918;15;9921;21;;;9915.0;0.0
yf_ZC=F_d3;9200;INTARIAN_PEPPER_ROOT;10108;26;10104;17;;;10114;11;10117;24;;;10111.0;0.0
yf_ZC=F_d3;9300;ASH_COATED_OSMIUM;9912;20;9909;25;;;9918;13;9921;19;;;9915.0;0.0
yf_ZC=F_d3;9300;INTARIAN_PEPPER_ROOT;10106;12;10102;11;;;10112;14;10116;16;;;10109.0;0.0
yf_ZC=F_d3;9400;ASH_COATED_OSMIUM;9907;14;9904;17;;;9924;21;9927;12;;;9915.5;0.0
yf_ZC=F_d3;9400;INTARIAN_PEPPER_ROOT;10099;11;10097;22;;;10117;20;10120;24;;;10108.0;0.0
yf_ZC=F_d3;9500;ASH_COATED_OSMIUM;9912;20;9908;13;;;9918;20;9920;21;;;9915.0;0.0
yf_ZC=F_d3;9500;INTARIAN_PEPPER_ROOT;10100;15;10096;17;;;10113;13;10116;12;;;10106.5;0.0
yf_ZC=F_d3;9600;ASH_COATED_OSMIUM;9909;26;9906;27;;;9921;15;9925;26;;;9915.0;0.0
yf_ZC=F_d3;9600;INTARIAN_PEPPER_ROOT;10102;19;10099;13;;;10108;19;10111;22;;;10105.0;0.0
yf_ZC=F_d3;9700;ASH_COATED_OSMIUM;9911;18;9907;18;;;9920;19;9924;17;;;9915.5;0.0
yf_ZC=F_d3;9700;INTARIAN_PEPPER_ROOT;10101;5;10099;21;;;10107;18;10109;19;;;10104.0;0.0
yf_ZC=F_d3;9800;ASH_COATED_OSMIUM;9910;20;9906;19;;;9921;17;9925;14;;;9915.5;0.0
yf_ZC=F_d3;9800;INTARIAN_PEPPER_ROOT;10099;11;10097;19;;;10105;18;10108;20;;;10102.0;0.0
yf_ZC=F_d3;9900;ASH_COATED_OSMIUM;9905;8;9903;26;;;9926;17;9928;17;;;9915.5;0.0
yf_ZC=F_d3;9900;INTARIAN_PEPPER_ROOT;10098;9;10095;15;;;10104;15;10108;8;;;10101.0;0.0
yf_ZC=F_d3;10000;ASH_COATED_OSMIUM;9913;24;9909;27;;;9919;10;9921;27;;;9916.0;0.0
yf_ZC=F_d3;10000;INTARIAN_PEPPER_ROOT;10096;12;10093;14;;;10102;23;10106;21;;;10099.0;0.0
yf_ZC=F_d3;10100;ASH_COATED_OSMIUM;9912;23;9910;13;;;9918;21;9921;18;;;9915.0;0.0
yf_ZC=F_d3;10100;INTARIAN_PEPPER_ROOT;10094;12;10092;29;;;10102;12;10106;23;;;10098.0;0.0
yf_ZC=F_d3;10200;ASH_COATED_OSMIUM;9913;17;9911;23;;;9919;17;9923;15;;;9916.0;0.0
yf_ZC=F_d3;10200;INTARIAN_PEPPER_ROOT;10094;26;10091;20;;;10100;13;10102;19;;;10097.0;0.0
yf_ZC=F_d3;10300;ASH_COATED_OSMIUM;9913;14;9909;21;;;9919;11;9921;9;;;9916.0;0.0
yf_ZC=F_d3;10300;INTARIAN_PEPPER_ROOT;10092;7;10089;25;;;10098;8;10102;17;;;10095.0;0.0
yf_ZC=F_d3;10400;ASH_COATED_OSMIUM;9913;16;9909;20;;;9919;13;9921;11;;;9916.0;0.0
yf_ZC=F_d3;10400;INTARIAN_PEPPER_ROOT;10090;10;10086;21;;;10096;10;10099;35;;;10093.0;0.0
yf_ZC=F_d3;10500;ASH_COATED_OSMIUM;9913;22;9911;20;;;9919;19;9922;21;;;9916.0;0.0
yf_ZC=F_d3;10500;INTARIAN_PEPPER_ROOT;10079;15;10077;27;;;10104;24;10108;10;;;10091.5;0.0
yf_ZC=F_d3;10600;ASH_COATED_OSMIUM;9912;11;9910;21;;;9918;16;9920;19;;;9915.0;0.0
yf_ZC=F_d3;10600;INTARIAN_PEPPER_ROOT;10087;9;10083;21;;;10094;13;10096;16;;;10090.5;0.0
yf_ZC=F_d3;10700;ASH_COATED_OSMIUM;9913;10;9909;19;;;9919;7;9921;14;;;9916.0;0.0
yf_ZC=F_d3;10700;INTARIAN_PEPPER_ROOT;10079;12;10077;15;;;10099;5;10101;16;;;10089.0;0.0
yf_ZC=F_d3;10800;ASH_COATED_OSMIUM;9913;16;9911;17;;;9919;12;9923;20;;;9916.0;0.0
yf_ZC=F_d3;10800;INTARIAN_PEPPER_ROOT;10085;13;10083;17;;;10091;15;10095;25;;;10088.0;0.0
yf_ZC=F_d3;10900;ASH_COATED_OSMIUM;9905;17;9901;15;;;9926;25;9929;10;;;9915.5;0.0
yf_ZC=F_d3;10900;INTARIAN_PEPPER_ROOT;10081;8;10078;23;;;10092;16;10095;13;;;10086.5;0.0
yf_ZC=F_d3;11000;ASH_COATED_OSMIUM;9913;14;9909;23;;;9919;7;9921;18;;;9916.0;0.0
yf_ZC=F_d3;11000;INTARIAN_PEPPER_ROOT;10082;19;10080;24;;;10088;12;10092;16;;;10085.0;0.0
yf_ZC=F_d3;11100;ASH_COATED_OSMIUM;9913;13;9909;10;;;9919;14;9923;20;;;9916.0;0.0
yf_ZC=F_d3;11100;INTARIAN_PEPPER_ROOT;10080;9;10077;15;;;10086;10;10089;15;;;10083.0;0.0
yf_ZC=F_d3;11200;ASH_COATED_OSMIUM;9908;16;9906;22;;;9926;14;9929;23;;;9917.0;0.0
yf_ZC=F_d3;11200;INTARIAN_PEPPER_ROOT;10073;6;10071;22;;;10091;5;10093;32;;;10082.0;0.0
yf_ZC=F_d3;11300;ASH_COATED_OSMIUM;9898;6;9895;19;;;9935;14;9939;16;;;9916.5;0.0
yf_ZC=F_d3;11300;INTARIAN_PEPPER_ROOT;10077;10;10075;17;;;10085;13;10089;16;;;10081.0;0.0
yf_ZC=F_d3;11400;ASH_COATED_OSMIUM;9914;17;9911;22;;;9920;8;9922;8;;;9917.0;0.0
yf_ZC=F_d3;11400;INTARIAN_PEPPER_ROOT;10070;17;10067;16;;;10088;15;10091;16;;;10079.0;0.0
yf_ZC=F_d3;11500;ASH_COATED_OSMIUM;9909;12;9907;17;;;9924;18;9926;16;;;9916.5;0.0
yf_ZC=F_d3;11500;INTARIAN_PEPPER_ROOT;10075;20;10071;25;;;10081;10;10083;27;;;10078.0;0.0
yf_ZC=F_d3;11600;ASH_COATED_OSMIUM;9914;11;9910;18;;;9920;14;9923;9;;;9917.0;0.0
yf_ZC=F_d3;11600;INTARIAN_PEPPER_ROOT;10073;11;10070;32;;;10079;5;10082;30;;;10076.0;0.0
yf_ZC=F_d3;11700;ASH_COATED_OSMIUM;9910;16;9907;23;;;9923;20;9927;23;;;9916.5;0.0
yf_ZC=F_d3;11700;INTARIAN_PEPPER_ROOT;10072;25;10068;15;;;10078;15;10082;22;;;10075.0;0.0
yf_ZC=F_d3;11800;ASH_COATED_OSMIUM;9913;11;9909;24;;;9920;16;9924;25;;;9916.5;0.0
yf_ZC=F_d3;11800;INTARIAN_PEPPER_ROOT;10069;22;10067;20;;;10075;15;10079;23;;;10072.0;0.0
yf_ZC=F_d3;11900;ASH_COATED_OSMIUM;9913;7;9910;29;;;9919;5;9922;17;;;9916.0;0.0
yf_ZC=F_d3;11900;INTARIAN_PEPPER_ROOT;10068;20;10064;20;;;10076;22;10079;16;;;10072.0;0.0
yf_ZC=F_d3;12000;ASH_COATED_OSMIUM;9911;21;9908;21;;;9923;12;9927;19;;;9917.0;0.0
yf_ZC=F_d3;12000;INTARIAN_PEPPER_ROOT;10062;13;10059;27;;;10079;22;10083;20;;;10070.5;0.0
yf_ZC=F_d3;12100;ASH_COATED_OSMIUM;9912;10;9909;8;;;9920;10;9924;15;;;9916.0;0.0
yf_ZC=F_d3;12100;INTARIAN_PEPPER_ROOT;10066;9;10064;21;;;10072;9;10074;19;;;10069.0;0.0
yf_ZC=F_d3;12200;ASH_COATED_OSMIUM;9913;14;9910;25;;;9919;11;9921;18;;;9916.0;0.0
yf_ZC=F_d3;12200;INTARIAN_PEPPER_ROOT;10062;14;10058;18;;;10072;16;10074;17;;;10067.0;0.0
yf_ZC=F_d3;12300;ASH_COATED_OSMIUM;9913;10;9911;21;;;9919;9;9923;12;;;9916.0;0.0
yf_ZC=F_d3;12300;INTARIAN_PEPPER_ROOT;10063;13;10059;18;;;10069;12;10071;21;;;10066.0;0.0
yf_ZC=F_d3;12400;ASH_COATED_OSMIUM;9913;6;9911;14;;;9919;15;9922;25;;;9916.0;0.0
yf_ZC=F_d3;12400;INTARIAN_PEPPER_ROOT;10061;11;10058;19;;;10069;11;10072;20;;;10065.0;0.0
yf_ZC=F_d3;12500;ASH_COATED_OSMIUM;9913;10;9911;20;;;9920;15;9923;15;;;9916.5;0.0
yf_ZC=F_d3;12500;INTARIAN_PEPPER_ROOT;10056;12;10052;13;;;10070;19;10073;24;;;10063.0;0.0
yf_ZC=F_d3;12600;ASH_COATED_OSMIUM;9914;13;9910;17;;;9920;16;9924;17;;;9917.0;0.0
yf_ZC=F_d3;12600;INTARIAN_PEPPER_ROOT;10059;11;10057;15;;;10065;18;10068;18;;;10062.0;0.0
yf_ZC=F_d3;12700;ASH_COATED_OSMIUM;9905;14;9903;17;;;9928;25;9930;25;;;9916.5;0.0
yf_ZC=F_d3;12700;INTARIAN_PEPPER_ROOT;10057;12;10053;24;;;10063;19;10067;22;;;10060.0;0.0
yf_ZC=F_d3;12800;ASH_COATED_OSMIUM;9914;11;9912;14;;;9920;20;9922;16;;;9917.0;0.0
yf_ZC=F_d3;12800;INTARIAN_PEPPER_ROOT;10054;10;10052;24;;;10064;11;10068;22;;;10059.0;0.0
yf_ZC=F_d3;12900;ASH_COATED_OSMIUM;9913;16;9911;23;;;9919;16;9921;18;;;9916.0;0.0
yf_ZC=F_d3;12900;INTARIAN_PEPPER_ROOT;10051;21;10048;18;;;10063;16;10067;20;;;10057.0;0.0
yf_ZC=F_d3;13000;ASH_COATED_OSMIUM;9906;7;9903;18;;;9927;13;9930;19;;;9916.5;0.0
yf_ZC=F_d3;13000;INTARIAN_PEPPER_ROOT;10053;12;10049;14;;;10059;14;10061;21;;;10056.0;0.0
yf_ZC=F_d3;13100;ASH_COATED_OSMIUM;9913;12;9911;17;;;9919;12;9923;19;;;9916.0;0.0
yf_ZC=F_d3;13100;INTARIAN_PEPPER_ROOT;10051;17;10049;26;;;10057;16;10060;22;;;10054.0;0.0
yf_ZC=F_d3;13200;ASH_COATED_OSMIUM;9913;11;9910;20;;;9919;13;9921;22;;;9916.0;0.0
yf_ZC=F_d3;13200;INTARIAN_PEPPER_ROOT;10050;17;10048;16;;;10056;13;10060;21;;;10053.0;0.0
yf_ZC=F_d3;13300;ASH_COATED_OSMIUM;9914;12;9910;17;;;9920;20;9923;24;;;9917.0;0.0
yf_ZC=F_d3;13300;INTARIAN_PEPPER_ROOT;10048;18;10046;15;;;10056;20;10059;14;;;10052.0;0.0
yf_ZC=F_d3;13400;ASH_COATED_OSMIUM;9912;13;9909;14;;;9920;20;9922;17;;;9916.0;0.0
yf_ZC=F_d3;13400;INTARIAN_PEPPER_ROOT;10046;12;10043;25;;;10053;15;10056;21;;;10049.5;0.0
yf_ZC=F_d3;13500;ASH_COATED_OSMIUM;9914;15;9911;26;;;9920;18;9924;16;;;9917.0;0.0
yf_ZC=F_d3;13500;INTARIAN_PEPPER_ROOT;10045;14;10042;15;;;10051;11;10053;25;;;10048.0;0.0
yf_ZC=F_d3;13600;ASH_COATED_OSMIUM;9914;14;9912;22;;;9920;16;9923;18;;;9917.0;0.0
yf_ZC=F_d3;13600;INTARIAN_PEPPER_ROOT;10044;8;10041;19;;;10050;16;10053;21;;;10047.0;0.0
yf_ZC=F_d3;13700;ASH_COATED_OSMIUM;9912;19;9910;18;;;9922;12;9924;14;;;9917.0;0.0
yf_ZC=F_d3;13700;INTARIAN_PEPPER_ROOT;10039;9;10037;26;;;10053;14;10056;17;;;10046.0;0.0
yf_ZC=F_d3;13800;ASH_COATED_OSMIUM;9908;12;9905;18;;;9927;15;9929;19;;;9917.5;0.0
yf_ZC=F_d3;13800;INTARIAN_PEPPER_ROOT;10041;24;10037;28;;;10047;20;10051;28;;;10044.0;0.0
yf_ZC=F_d3;13900;ASH_COATED_OSMIUM;9913;15;9910;18;;;9922;11;9925;25;;;9917.5;0.0
yf_ZC=F_d3;13900;INTARIAN_PEPPER_ROOT;10040;14;10038;24;;;10046;10;10048;18;;;10043.0;0.0
yf_ZC=F_d3;14000;ASH_COATED_OSMIUM;9909;5;9907;15;;;9925;17;9928;21;;;9917.0;0.0
yf_ZC=F_d3;14000;INTARIAN_PEPPER_ROOT;10039;20;10035;20;;;10045;13;10049;16;;;10042.0;0.0
yf_ZC=F_d3;14100;ASH_COATED_OSMIUM;9915;6;9913;19;;;9921;17;9925;12;;;9918.0;0.0
yf_ZC=F_d3;14100;INTARIAN_PEPPER_ROOT;10037;5;10035;20;;;10043;12;10045;27;;;10040.0;0.0
yf_ZC=F_d3;14200;ASH_COATED_OSMIUM;9912;15;9910;26;;;9921;18;9924;22;;;9916.5;0.0
yf_ZC=F_d3;14200;INTARIAN_PEPPER_ROOT;10036;13;10033;19;;;10042;13;10045;23;;;10039.0;0.0
yf_ZC=F_d3;14300;ASH_COATED_OSMIUM;9914;9;9910;15;;;9920;17;9922;21;;;9917.0;0.0
yf_ZC=F_d3;14300;INTARIAN_PEPPER_ROOT;10034;12;10030;22;;;10040;21;10042;22;;;10037.0;0.0
yf_ZC=F_d3;14400;ASH_COATED_OSMIUM;9913;15;9909;23;;;9922;20;9926;15;;;9917.5;0.0
yf_ZC=F_d3;14400;INTARIAN_PEPPER_ROOT;10032;12;10028;23;;;10038;16;10042;11;;;10035.0;0.0
yf_ZC=F_d3;14500;ASH_COATED_OSMIUM;9914;25;9910;28;;;9920;13;9924;29;;;9917.0;0.0
yf_ZC=F_d3;14500;INTARIAN_PEPPER_ROOT;10021;20;10017;20;;;10048;14;10050;15;;;10034.5;0.0
yf_ZC=F_d3;14600;ASH_COATED_OSMIUM;9914;16;9910;14;;;9920;14;9923;20;;;9917.0;0.0
yf_ZC=F_d3;14600;INTARIAN_PEPPER_ROOT;10027;14;10024;15;;;10038;17;10041;20;;;10032.5;0.0
yf_ZC=F_d3;14700;ASH_COATED_OSMIUM;9909;5;9907;13;;;9925;15;9927;26;;;9917.0;0.0
yf_ZC=F_d3;14700;INTARIAN_PEPPER_ROOT;10020;18;10016;19;;;10043;16;10046;25;;;10031.5;0.0
yf_ZC=F_d3;14800;ASH_COATED_OSMIUM;9915;14;9911;25;;;9921;18;9923;16;;;9918.0;0.0
yf_ZC=F_d3;14800;INTARIAN_PEPPER_ROOT;10021;11;10017;21;;;10039;16;10041;27;;;10030.0;0.0
yf_ZC=F_d3;14900;ASH_COATED_OSMIUM;9915;18;9912;23;;;9921;19;9924;31;;;9918.0;0.0
yf_ZC=F_d3;14900;INTARIAN_PEPPER_ROOT;10022;15;10019;22;;;10034;13;10037;12;;;10028.0;0.0
yf_ZC=F_d3;15000;ASH_COATED_OSMIUM;9914;12;9910;24;;;9920;17;9924;26;;;9917.0;0.0
yf_ZC=F_d3;15000;INTARIAN_PEPPER_ROOT;10019;13;10015;19;;;10035;21;10039;13;;;10027.0;0.0
yf_ZC=F_d3;15100;ASH_COATED_OSMIUM;9909;14;9907;26;;;9926;14;9930;18;;;9917.5;0.0
yf_ZC=F_d3;15100;INTARIAN_PEPPER_ROOT;10023;17;10020;11;;;10029;18;10031;19;;;10026.0;0.0
yf_ZC=F_d3;15200;ASH_COATED_OSMIUM;9908;18;9905;21;;;9929;14;9933;14;;;9918.5;0.0
yf_ZC=F_d3;15200;INTARIAN_PEPPER_ROOT;10007;18;10003;22;;;10041;15;10043;21;;;10024.0;0.0
yf_ZC=F_d3;15300;ASH_COATED_OSMIUM;9914;16;9910;22;;;9920;9;9922;20;;;9917.0;0.0
yf_ZC=F_d3;15300;INTARIAN_PEPPER_ROOT;10020;24;10018;13;;;10026;9;10028;21;;;10023.0;0.0
yf_ZC=F_d3;15400;ASH_COATED_OSMIUM;9914;15;9910;20;;;9921;16;9925;23;;;9917.5;0.0
yf_ZC=F_d3;15400;INTARIAN_PEPPER_ROOT;10019;20;10015;17;;;10025;11;10027;14;;;10022.0;0.0
yf_ZC=F_d3;15500;ASH_COATED_OSMIUM;9913;12;9909;15;;;9923;9;9926;22;;;9918.0;0.0
yf_ZC=F_d3;15500;INTARIAN_PEPPER_ROOT;10017;13;10014;14;;;10023;7;10027;23;;;10020.0;0.0
yf_ZC=F_d3;15600;ASH_COATED_OSMIUM;9915;20;9912;22;;;9921;12;9924;15;;;9918.0;0.0
yf_ZC=F_d3;15600;INTARIAN_PEPPER_ROOT;10015;13;10011;19;;;10021;16;10023;14;;;10018.0;0.0
yf_ZC=F_d3;15700;ASH_COATED_OSMIUM;9915;14;9913;24;;;9921;13;9924;14;;;9918.0;0.0
yf_ZC=F_d3;15700;INTARIAN_PEPPER_ROOT;10014;14;10011;28;;;10020;13;10023;19;;;10017.0;0.0
yf_ZC=F_d3;15800;ASH_COATED_OSMIUM;9915;28;9912;14;;;9921;17;9925;22;;;9918.0;0.0
yf_ZC=F_d3;15800;INTARIAN_PEPPER_ROOT;10005;13;10002;22;;;10027;12;10031;20;;;10016.0;0.0
yf_ZC=F_d3;15900;ASH_COATED_OSMIUM;9911;19;9908;31;;;9925;20;9929;23;;;9918.0;0.0
yf_ZC=F_d3;15900;INTARIAN_PEPPER_ROOT;10010;19;10007;23;;;10019;14;10023;26;;;10014.5;0.0
yf_ZC=F_d3;16000;ASH_COATED_OSMIUM;9910;9;9908;9;;;9925;14;9928;13;;;9917.5;0.0
yf_ZC=F_d3;16000;INTARIAN_PEPPER_ROOT;10001;16;9999;25;;;10024;17;10026;16;;;10012.5;0.0
yf_ZC=F_d3;16100;ASH_COATED_OSMIUM;9914;18;9910;25;;;9921;16;9925;14;;;9917.5;0.0
yf_ZC=F_d3;16100;INTARIAN_PEPPER_ROOT;10006;20;10004;29;;;10016;11;10018;23;;;10011.0;0.0
yf_ZC=F_d3;16200;ASH_COATED_OSMIUM;9910;14;9907;21;;;9926;14;9928;23;;;9918.0;0.0
yf_ZC=F_d3;16200;INTARIAN_PEPPER_ROOT;10008;9;10005;15;;;10014;8;10016;24;;;10011.0;0.0
yf_ZC=F_d3;16300;ASH_COATED_OSMIUM;9915;11;9913;21;;;9921;22;9925;17;;;9918.0;0.0
yf_ZC=F_d3;16300;INTARIAN_PEPPER_ROOT;10003;29;10000;17;;;10014;13;10016;17;;;10008.5;0.0
yf_ZC=F_d3;16400;ASH_COATED_OSMIUM;9913;17;9911;22;;;9923;18;9926;17;;;9918.0;0.0
yf_ZC=F_d3;16400;INTARIAN_PEPPER_ROOT;10003;25;10001;12;;;10011;12;10015;12;;;10007.0;0.0
yf_ZC=F_d3;16500;ASH_COATED_OSMIUM;9915;18;9911;8;;;9921;13;9924;13;;;9918.0;0.0
yf_ZC=F_d3;16500;INTARIAN_PEPPER_ROOT;10002;21;9998;29;;;10008;25;10011;23;;;10005.0;0.0
yf_ZC=F_d3;16600;ASH_COATED_OSMIUM;9914;12;9911;17;;;9922;23;9924;17;;;9918.0;0.0
yf_ZC=F_d3;16600;INTARIAN_PEPPER_ROOT;10001;13;9998;20;;;10007;16;10010;34;;;10004.0;0.0
yf_ZC=F_d3;16700;ASH_COATED_OSMIUM;9915;13;9913;24;;;9921;15;9924;16;;;9918.0;0.0
yf_ZC=F_d3;16700;INTARIAN_PEPPER_ROOT;9992;10;9989;12;;;10011;6;10013;20;;;10001.5;0.0
yf_ZC=F_d3;16800;ASH_COATED_OSMIUM;9915;16;9913;19;;;9921;8;9924;27;;;9918.0;0.0
yf_ZC=F_d3;16800;INTARIAN_PEPPER_ROOT;9998;13;9995;23;;;10004;17;10006;25;;;10001.0;0.0
yf_ZC=F_d3;16900;ASH_COATED_OSMIUM;9910;25;9908;25;;;9927;14;9931;21;;;9918.5;0.0
yf_ZC=F_d3;16900;INTARIAN_PEPPER_ROOT;9996;22;9994;21;;;10002;18;10006;11;;;9999.0;0.0
yf_ZC=F_d3;17000;ASH_COATED_OSMIUM;9907;20;9905;24;;;9930;18;9933;17;;;9918.5;0.0
yf_ZC=F_d3;17000;INTARIAN_PEPPER_ROOT;9997;23;9995;22;;;10003;23;10005;22;;;10000.0;0.0
yf_ZC=F_d3;17100;ASH_COATED_OSMIUM;9903;25;9901;15;;;9934;17;9938;26;;;9918.5;0.0
yf_ZC=F_d3;17100;INTARIAN_PEPPER_ROOT;9998;13;9994;16;;;10004;13;10007;21;;;10001.0;0.0
yf_ZC=F_d3;17200;ASH_COATED_OSMIUM;9915;7;9911;16;;;9921;14;9925;24;;;9918.0;0.0
yf_ZC=F_d3;17200;INTARIAN_PEPPER_ROOT;9997;14;9994;21;;;10007;22;10011;17;;;10002.0;0.0
yf_ZC=F_d3;17300;ASH_COATED_OSMIUM;9915;16;9912;19;;;9921;20;9923;17;;;9918.0;0.0
yf_ZC=F_d3;17300;INTARIAN_PEPPER_ROOT;10000;6;9998;22;;;10007;13;10009;16;;;10003.5;0.0
yf_ZC=F_d3;17400;ASH_COATED_OSMIUM;9915;13;9912;15;;;9921;19;9923;9;;;9918.0;0.0
yf_ZC=F_d3;17400;INTARIAN_PEPPER_ROOT;10002;13;9998;26;;;10008;10;10012;22;;;10005.0;0.0
yf_ZC=F_d3;17500;ASH_COATED_OSMIUM;9912;25;9910;12;;;9925;11;9928;26;;;9918.5;0.0
yf_ZC=F_d3;17500;INTARIAN_PEPPER_ROOT;10003;13;10001;22;;;10009;12;10011;13;;;10006.0;0.0
yf_ZC=F_d3;17600;ASH_COATED_OSMIUM;9915;23;9912;20;;;9921;17;9925;14;;;9918.0;0.0
yf_ZC=F_d3;17600;INTARIAN_PEPPER_ROOT;10005;9;10003;21;;;10011;10;10015;13;;;10008.0;0.0
yf_ZC=F_d3;17700;ASH_COATED_OSMIUM;9915;18;9911;14;;;9921;12;9924;28;;;9918.0;0.0
yf_ZC=F_d3;17700;INTARIAN_PEPPER_ROOT;10006;12;10002;13;;;10012;16;10015;15;;;10009.0;0.0
yf_ZC=F_d3;17800;ASH_COATED_OSMIUM;9915;11;9911;8;;;9921;16;9923;13;;;9918.0;0.0
yf_ZC=F_d3;17800;INTARIAN_PEPPER_ROOT;10007;16;10004;20;;;10013;17;10016;14;;;10010.0;0.0
yf_ZC=F_d3;17900;ASH_COATED_OSMIUM;9915;18;9911;18;;;9921;11;9924;11;;;9918.0;0.0
yf_ZC=F_d3;17900;INTARIAN_PEPPER_ROOT;10008;16;10005;21;;;10014;19;10016;15;;;10011.0;0.0
yf_ZC=F_d3;18000;ASH_COATED_OSMIUM;9908;8;9905;20;;;9928;10;9930;28;;;9918.0;0.0
yf_ZC=F_d3;18000;INTARIAN_PEPPER_ROOT;10010;10;10006;19;;;10016;16;10019;16;;;10013.0;0.0
yf_ZC=F_d3;18100;ASH_COATED_OSMIUM;9915;12;9912;23;;;9921;11;9925;16;;;9918.0;0.0
yf_ZC=F_d3;18100;INTARIAN_PEPPER_ROOT;10009;17;10006;12;;;10018;16;10022;24;;;10013.5;0.0
yf_ZC=F_d3;18200;ASH_COATED_OSMIUM;9913;13;9910;13;;;9924;21;9927;23;;;9918.5;0.0
yf_ZC=F_d3;18200;INTARIAN_PEPPER_ROOT;10013;10;10011;13;;;10019;15;10023;28;;;10016.0;0.0
yf_ZC=F_d3;18300;ASH_COATED_OSMIUM;9908;16;9904;23;;;9928;18;9930;15;;;9918.0;0.0
yf_ZC=F_d3;18300;INTARIAN_PEPPER_ROOT;10014;13;10012;22;;;10020;24;10023;22;;;10017.0;0.0
yf_ZC=F_d3;18400;ASH_COATED_OSMIUM;9915;17;9911;19;;;9921;12;9925;23;;;9918.0;0.0
yf_ZC=F_d3;18400;INTARIAN_PEPPER_ROOT;10015;6;10011;30;;;10021;11;10024;19;;;10018.0;0.0
yf_ZC=F_d3;18500;ASH_COATED_OSMIUM;9915;12;9912;25;;;9921;15;9923;18;;;9918.0;0.0
yf_ZC=F_d3;18500;INTARIAN_PEPPER_ROOT;10016;13;10013;19;;;10022;18;10024;24;;;10019.0;0.0
yf_ZC=F_d3;18600;ASH_COATED_OSMIUM;9915;12;9913;15;;;9921;11;9923;17;;;9918.0;0.0
yf_ZC=F_d3;18600;INTARIAN_PEPPER_ROOT;10018;17;10015;18;;;10024;15;10026;25;;;10021.0;0.0
yf_ZC=F_d3;18700;ASH_COATED_OSMIUM;9915;27;9913;22;;;9921;6;9924;24;;;9918.0;0.0
yf_ZC=F_d3;18700;INTARIAN_PEPPER_ROOT;10019;11;10017;9;;;10025;19;10028;22;;;10022.0;0.0
yf_ZC=F_d3;18800;ASH_COATED_OSMIUM;9914;8;9910;16;;;9920;22;9922;29;;;9917.0;0.0
yf_ZC=F_d3;18800;INTARIAN_PEPPER_ROOT;10021;18;10019;23;;;10027;14;10030;22;;;10024.0;0.0
yf_ZC=F_d3;18900;ASH_COATED_OSMIUM;9910;12;9908;18;;;9925;16;9929;19;;;9917.5;0.0
yf_ZC=F_d3;18900;INTARIAN_PEPPER_ROOT;10021;7;10018;20;;;10027;10;10031;31;;;10024.0;0.0
yf_ZC=F_d3;19000;ASH_COATED_OSMIUM;9915;19;9911;18;;;9921;30;9924;20;;;9918.0;0.0
yf_ZC=F_d3;19000;INTARIAN_PEPPER_ROOT;10022;16;10018;16;;;10030;5;10034;23;;;10026.0;0.0
yf_ZC=F_d3;19100;ASH_COATED_OSMIUM;9914;20;9911;17;;;9922;19;9924;23;;;9918.0;0.0
yf_ZC=F_d3;19100;INTARIAN_PEPPER_ROOT;10024;10;10021;23;;;10030;15;10033;20;;;10027.0;0.0
yf_ZC=F_d3;19200;ASH_COATED_OSMIUM;9915;14;9912;24;;;9921;21;9923;24;;;9918.0;0.0
yf_ZC=F_d3;19200;INTARIAN_PEPPER_ROOT;10024;5;10021;18;;;10034;11;10036;18;;;10029.0;0.0
yf_ZC=F_d3;19300;ASH_COATED_OSMIUM;9912;12;9908;20;;;9924;16;9927;24;;;9918.0;0.0
yf_ZC=F_d3;19300;INTARIAN_PEPPER_ROOT;10027;14;10023;19;;;10033;17;10036;20;;;10030.0;0.0
yf_ZC=F_d3;19400;ASH_COATED_OSMIUM;9915;17;9913;21;;;9921;14;9924;26;;;9918.0;0.0
yf_ZC=F_d3;19400;INTARIAN_PEPPER_ROOT;10028;14;10024;18;;;10034;16;10037;14;;;10031.0;0.0
yf_ZC=F_d3;19500;ASH_COATED_OSMIUM;9915;14;9912;18;;;9921;27;9925;21;;;9918.0;0.0
yf_ZC=F_d3;19500;INTARIAN_PEPPER_ROOT;10029;18;10027;15;;;10035;13;10038;18;;;10032.0;0.0
yf_ZC=F_d3;19600;ASH_COATED_OSMIUM;9913;22;9910;16;;;9923;16;9927;14;;;9918.0;0.0
yf_ZC=F_d3;19600;INTARIAN_PEPPER_ROOT;10029;23;10025;21;;;10038;10;10040;21;;;10033.5;0.0
yf_ZC=F_d3;19700;ASH_COATED_OSMIUM;9915;15;9912;23;;;9921;7;9923;16;;;9918.0;0.0
yf_ZC=F_d3;19700;INTARIAN_PEPPER_ROOT;10032;22;10029;13;;;10038;14;10041;22;;;10035.0;0.0
yf_ZC=F_d3;19800;ASH_COATED_OSMIUM;9914;5;9911;19;;;9922;8;9924;22;;;9918.0;0.0
yf_ZC=F_d3;19800;INTARIAN_PEPPER_ROOT;10033;11;10031;16;;;10039;15;10042;16;;;10036.0;0.0
yf_ZC=F_d3;19900;ASH_COATED_OSMIUM;9915;15;9911;23;;;9921;23;9924;21;;;9918.0;0.0
yf_ZC=F_d3;19900;INTARIAN_PEPPER_ROOT;10035;14;10031;24;;;10041;16;10043;23;;;10038.0;0.0
yf_ZC=F_d3;20000;ASH_COATED_OSMIUM;9913;11;9910;11;;;9924;15;9926;22;;;9918.5;0.0
yf_ZC=F_d3;20000;INTARIAN_PEPPER_ROOT;10036;12;10034;25;;;10042;22;10044;22;;;10039.0;0.0
yf_ZC=F_d3;20100;ASH_COATED_OSMIUM;9915;12;9911;16;;;9921;14;9924;14;;;9918.0;0.0
yf_ZC=F_d3;20100;INTARIAN_PEPPER_ROOT;10038;21;10035;19;;;10044;22;10047;19;;;10041.0;0.0
yf_ZC=F_d3;20200;ASH_COATED_OSMIUM;9915;13;9912;26;;;9921;6;9925;20;;;9918.0;0.0
yf_ZC=F_d3;20200;INTARIAN_PEPPER_ROOT;10039;25;10037;10;;;10045;15;10049;17;;;10042.0;0.0
yf_ZC=F_d3;20300;ASH_COATED_OSMIUM;9904;18;9901;14;;;9932;14;9935;18;;;9918.0;0.0
yf_ZC=F_d3;20300;INTARIAN_PEPPER_ROOT;10040;17;10037;16;;;10046;17;10048;28;;;10043.0;0.0
yf_ZC=F_d3;20400;ASH_COATED_OSMIUM;9914;11;9912;22;;;9921;5;9923;21;;;9917.5;0.0
yf_ZC=F_d3;20400;INTARIAN_PEPPER_ROOT;10038;16;10036;17;;;10050;17;10054;9;;;10044.0;0.0
yf_ZC=F_d3;20500;ASH_COATED_OSMIUM;9908;5;9906;20;;;9928;8;9932;11;;;9918.0;0.0
yf_ZC=F_d3;20500;INTARIAN_PEPPER_ROOT;10041;15;10037;19;;;10051;14;10054;17;;;10046.0;0.0
yf_ZC=F_d3;20600;ASH_COATED_OSMIUM;9910;11;9906;21;;;9925;18;9928;19;;;9917.5;0.0
yf_ZC=F_d3;20600;INTARIAN_PEPPER_ROOT;10041;16;10038;9;;;10053;13;10056;24;;;10047.0;0.0
yf_ZC=F_d3;20700;ASH_COATED_OSMIUM;9915;5;9913;13;;;9921;19;9923;14;;;9918.0;0.0
yf_ZC=F_d3;20700;INTARIAN_PEPPER_ROOT;10046;15;10043;23;;;10052;14;10056;14;;;10049.0;0.0
yf_ZC=F_d3;20800;ASH_COATED_OSMIUM;9915;10;9911;16;;;9921;19;9925;25;;;9918.0;0.0
yf_ZC=F_d3;20800;INTARIAN_PEPPER_ROOT;10045;21;10043;27;;;10055;9;10058;19;;;10050.0;0.0
yf_ZC=F_d3;20900;ASH_COATED_OSMIUM;9915;17;9911;21;;;9921;16;9924;13;;;9918.0;0.0
yf_ZC=F_d3;20900;INTARIAN_PEPPER_ROOT;10048;14;10045;23;;;10054;17;10058;19;;;10051.0;0.0
yf_ZC=F_d3;21000;ASH_COATED_OSMIUM;9911;10;9907;20;;;9926;11;9928;23;;;9918.5;0.0
yf_ZC=F_d3;21000;INTARIAN_PEPPER_ROOT;10050;17;10047;11;;;10056;15;10059;16;;;10053.0;0.0
yf_ZC=F_d3;21100;ASH_COATED_OSMIUM;9915;20;9911;19;;;9921;11;9923;19;;;9918.0;0.0
yf_ZC=F_d3;21100;INTARIAN_PEPPER_ROOT;10051;17;10047;22;;;10057;5;10059;22;;;10054.0;0.0
yf_ZC=F_d3;21200;ASH_COATED_OSMIUM;9914;6;9912;26;;;9920;6;9923;17;;;9917.0;0.0
yf_ZC=F_d3;21200;INTARIAN_PEPPER_ROOT;10052;17;10050;24;;;10058;13;10062;13;;;10055.0;0.0
yf_ZC=F_d3;21300;ASH_COATED_OSMIUM;9915;8;9913;22;;;9921;20;9924;23;;;9918.0;0.0
yf_ZC=F_d3;21300;INTARIAN_PEPPER_ROOT;10053;11;10051;18;;;10059;15;10062;15;;;10056.0;0.0
yf_ZC=F_d3;21400;ASH_COATED_OSMIUM;9915;20;9912;16;;;9921;15;9925;25;;;9918.0;0.0
yf_ZC=F_d3;21400;INTARIAN_PEPPER_ROOT;10051;19;10049;31;;;10063;19;10066;17;;;10057.0;0.0
yf_ZC=F_d3;21500;ASH_COATED_OSMIUM;9914;12;9910;14;;;9920;17;9924;13;;;9917.0;0.0
yf_ZC=F_d3;21500;INTARIAN_PEPPER_ROOT;10056;13;10054;19;;;10062;15;10065;14;;;10059.0;0.0
yf_ZC=F_d3;21600;ASH_COATED_OSMIUM;9901;13;9899;21;;;9935;18;9937;23;;;9918.0;0.0
yf_ZC=F_d3;21600;INTARIAN_PEPPER_ROOT;10057;13;10053;20;;;10063;11;10067;24;;;10060.0;0.0
yf_ZC=F_d3;21700;ASH_COATED_OSMIUM;9905;19;9901;23;;;9930;15;9934;20;;;9917.5;0.0
yf_ZC=F_d3;21700;INTARIAN_PEPPER_ROOT;10058;19;10054;21;;;10064;17;10067;23;;;10061.0;0.0
yf_ZC=F_d3;21800;ASH_COATED_OSMIUM;9915;16;9911;14;;;9921;14;9924;18;;;9918.0;0.0
yf_ZC=F_d3;21800;INTARIAN_PEPPER_ROOT;10060;14;10056;30;;;10066;14;10070;29;;;10063.0;0.0
yf_ZC=F_d3;21900;ASH_COATED_OSMIUM;9909;12;9907;21;;;9927;15;9930;27;;;9918.0;0.0
yf_ZC=F_d3;21900;INTARIAN_PEPPER_ROOT;10059;24;10055;17;;;10069;20;10071;16;;;10064.0;0.0
yf_ZC=F_d3;22000;ASH_COATED_OSMIUM;9915;12;9913;20;;;9921;14;9924;16;;;9918.0;0.0
yf_ZC=F_d3;22000;INTARIAN_PEPPER_ROOT;10062;17;10058;18;;;10068;16;10070;23;;;10065.0;0.0
yf_ZC=F_d3;22100;ASH_COATED_OSMIUM;9908;15;9905;8;;;9927;22;9931;12;;;9917.5;0.0
yf_ZC=F_d3;22100;INTARIAN_PEPPER_ROOT;10064;11;10062;24;;;10070;16;10072;21;;;10067.0;0.0
yf_ZC=F_d3;22200;ASH_COATED_OSMIUM;9914;20;9910;21;;;9921;21;9923;26;;;9917.5;0.0
yf_ZC=F_d3;22200;INTARIAN_PEPPER_ROOT;10050;18;10046;23;;;10086;11;10088;20;;;10068.0;0.0
yf_ZC=F_d3;22300;ASH_COATED_OSMIUM;9914;25;9910;21;;;9920;19;9923;19;;;9917.0;0.0
yf_ZC=F_d3;22300;INTARIAN_PEPPER_ROOT;10057;15;10054;13;;;10082;11;10086;14;;;10069.5;0.0
yf_ZC=F_d3;22400;ASH_COATED_OSMIUM;9915;13;9911;20;;;9921;16;9924;16;;;9918.0;0.0
yf_ZC=F_d3;22400;INTARIAN_PEPPER_ROOT;10068;12;10064;22;;;10074;15;10076;8;;;10071.0;0.0
yf_ZC=F_d3;22500;ASH_COATED_OSMIUM;9914;5;9910;16;;;9920;20;9924;15;;;9917.0;0.0
yf_ZC=F_d3;22500;INTARIAN_PEPPER_ROOT;10060;10;10058;15;;;10084;8;10086;22;;;10072.0;0.0
yf_ZC=F_d3;22600;ASH_COATED_OSMIUM;9915;20;9912;21;;;9921;16;9925;20;;;9918.0;0.0
yf_ZC=F_d3;22600;INTARIAN_PEPPER_ROOT;10071;14;10067;16;;;10077;14;10080;31;;;10074.0;0.0
yf_ZC=F_d3;22700;ASH_COATED_OSMIUM;9912;9;9909;21;;;9922;15;9925;24;;;9917.0;0.0
yf_ZC=F_d3;22700;INTARIAN_PEPPER_ROOT;10072;12;10068;24;;;10078;11;10082;19;;;10075.0;0.0
yf_ZC=F_d3;22800;ASH_COATED_OSMIUM;9915;13;9913;17;;;9921;11;9923;16;;;9918.0;0.0
yf_ZC=F_d3;22800;INTARIAN_PEPPER_ROOT;10073;14;10069;26;;;10079;9;10081;19;;;10076.0;0.0
yf_ZC=F_d3;22900;ASH_COATED_OSMIUM;9915;10;9911;20;;;9921;13;9923;18;;;9918.0;0.0
yf_ZC=F_d3;22900;INTARIAN_PEPPER_ROOT;10074;10;10071;21;;;10080;14;10083;16;;;10077.0;0.0
yf_ZC=F_d3;23000;ASH_COATED_OSMIUM;9915;16;9911;22;;;9921;16;9923;12;;;9918.0;0.0
yf_ZC=F_d3;23000;INTARIAN_PEPPER_ROOT;10076;5;10074;18;;;10082;23;10086;25;;;10079.0;0.0
yf_ZC=F_d3;23100;ASH_COATED_OSMIUM;9915;11;9911;14;;;9921;14;9925;20;;;9918.0;0.0
yf_ZC=F_d3;23100;INTARIAN_PEPPER_ROOT;10073;12;10071;25;;;10087;16;10090;20;;;10080.0;0.0
yf_ZC=F_d3;23200;ASH_COATED_OSMIUM;9913;17;9911;32;;;9922;13;9926;19;;;9917.5;0.0
yf_ZC=F_d3;23200;INTARIAN_PEPPER_ROOT;10077;13;10073;12;;;10086;15;10088;18;;;10081.5;0.0
yf_ZC=F_d3;23300;ASH_COATED_OSMIUM;9910;18;9908;17;;;9925;15;9929;10;;;9917.5;0.0
yf_ZC=F_d3;23300;INTARIAN_PEPPER_ROOT;10080;11;10077;25;;;10086;11;10089;24;;;10083.0;0.0
yf_ZC=F_d3;23400;ASH_COATED_OSMIUM;9915;10;9913;23;;;9921;18;9923;15;;;9918.0;0.0
yf_ZC=F_d3;23400;INTARIAN_PEPPER_ROOT;10072;19;10068;15;;;10095;17;10097;23;;;10083.5;0.0
yf_ZC=F_d3;23500;ASH_COATED_OSMIUM;9913;5;9909;15;;;9922;14;9926;19;;;9917.5;0.0
yf_ZC=F_d3;23500;INTARIAN_PEPPER_ROOT;10082;13;10080;20;;;10088;14;10091;24;;;10085.0;0.0
yf_ZC=F_d3;23600;ASH_COATED_OSMIUM;9914;7;9911;33;;;9920;9;9922;20;;;9917.0;0.0
yf_ZC=F_d3;23600;INTARIAN_PEPPER_ROOT;10084;11;10080;19;;;10090;15;10093;24;;;10087.0;0.0
yf_ZC=F_d3;23700;ASH_COATED_OSMIUM;9915;23;9911;11;;;9921;18;9925;21;;;9918.0;0.0
yf_ZC=F_d3;23700;INTARIAN_PEPPER_ROOT;10085;17;10083;8;;;10091;13;10095;22;;;10088.0;0.0
yf_ZC=F_d3;23800;ASH_COATED_OSMIUM;9914;16;9910;25;;;9922;23;9926;17;;;9918.0;0.0
yf_ZC=F_d3;23800;INTARIAN_PEPPER_ROOT;10079;8;10077;21;;;10099;7;10101;10;;;10089.0;0.0
yf_ZC=F_d3;23900;ASH_COATED_OSMIUM;9915;16;9912;15;;;9921;26;9923;20;;;9918.0;0.0
yf_ZC=F_d3;23900;INTARIAN_PEPPER_ROOT;10085;22;10082;11;;;10097;11;10101;24;;;10091.0;0.0
yf_ZC=F_d3;24000;ASH_COATED_OSMIUM;9904;12;9901;8;;;9930;19;9932;15;;;9917.0;0.0
yf_ZC=F_d3;24000;INTARIAN_PEPPER_ROOT;10087;10;10083;19;;;10096;25;10098;14;;;10091.5;0.0
yf_ZC=F_d3;24100;ASH_COATED_OSMIUM;9911;16;9908;15;;;9923;19;9927;26;;;9917.0;0.0
yf_ZC=F_d3;24100;INTARIAN_PEPPER_ROOT;10080;15;10076;15;;;10107;9;10110;21;;;10093.5;0.0
yf_ZC=F_d3;24200;ASH_COATED_OSMIUM;9915;19;9913;19;;;9921;18;9923;15;;;9918.0;0.0
yf_ZC=F_d3;24200;INTARIAN_PEPPER_ROOT;10090;11;10088;16;;;10099;11;10102;19;;;10094.5;0.0
yf_ZC=F_d3;24300;ASH_COATED_OSMIUM;9914;13;9911;26;;;9920;13;9922;22;;;9917.0;0.0
yf_ZC=F_d3;24300;INTARIAN_PEPPER_ROOT;10088;20;10085;16;;;10104;13;10108;9;;;10096.0;0.0
yf_ZC=F_d3;24400;ASH_COATED_OSMIUM;9915;14;9913;21;;;9921;14;9924;18;;;9918.0;0.0
yf_ZC=F_d3;24400;INTARIAN_PEPPER_ROOT;10094;16;10091;17;;;10100;15;10104;20;;;10097.0;0.0
yf_ZC=F_d3;24500;ASH_COATED_OSMIUM;9915;14;9911;11;;;9921;20;9925;26;;;9918.0;0.0
yf_ZC=F_d3;24500;INTARIAN_PEPPER_ROOT;10096;13;10094;18;;;10102;14;10106;17;;;10099.0;0.0
yf_ZC=F_d3;24600;ASH_COATED_OSMIUM;9915;10;9913;15;;;9921;5;9923;21;;;9918.0;0.0
yf_ZC=F_d3;24600;INTARIAN_PEPPER_ROOT;10096;17;10094;23;;;10102;20;10105;13;;;10099.0;0.0
yf_ZC=F_d3;24700;ASH_COATED_OSMIUM;9914;26;9911;24;;;9921;26;9923;17;;;9917.5;0.0
yf_ZC=F_d3;24700;INTARIAN_PEPPER_ROOT;10098;21;10096;19;;;10104;20;10107;21;;;10101.0;0.0
yf_ZC=F_d3;24800;ASH_COATED_OSMIUM;9914;15;9910;23;;;9922;15;9925;24;;;9918.0;0.0
yf_ZC=F_d3;24800;INTARIAN_PEPPER_ROOT;10099;8;10095;22;;;10105;19;10107;8;;;10102.0;0.0
yf_ZC=F_d3;24900;ASH_COATED_OSMIUM;9915;13;9912;23;;;9921;16;9925;24;;;9918.0;0.0
yf_ZC=F_d3;24900;INTARIAN_PEPPER_ROOT;10100;9;10096;26;;;10106;9;10108;27;;;10103.0;0.0
yf_ZC=F_d3;25000;ASH_COATED_OSMIUM;9915;17;9911;13;;;9921;19;9923;25;;;9918.0;0.0
yf_ZC=F_d3;25000;INTARIAN_PEPPER_ROOT;10102;15;10099;21;;;10109;9;10113;13;;;10105.5;0.0
yf_ZC=F_d3;25100;ASH_COATED_OSMIUM;9915;9;9913;19;;;9921;24;9924;13;;;9918.0;0.0
yf_ZC=F_d3;25100;INTARIAN_PEPPER_ROOT;10103;13;10100;11;;;10109;19;10111;24;;;10106.0;0.0
yf_ZC=F_d3;25200;ASH_COATED_OSMIUM;9914;22;9910;17;;;9921;24;9924;17;;;9917.5;0.0
yf_ZC=F_d3;25200;INTARIAN_PEPPER_ROOT;10105;16;10102;21;;;10111;15;10113;23;;;10108.0;0.0
yf_ZC=F_d3;25300;ASH_COATED_OSMIUM;9912;14;9910;17;;;9922;10;9926;17;;;9917.0;0.0
yf_ZC=F_d3;25300;INTARIAN_PEPPER_ROOT;10106;12;10104;21;;;10112;12;10114;25;;;10109.0;0.0
yf_ZC=F_d3;25400;ASH_COATED_OSMIUM;9914;15;9911;25;;;9920;24;9924;20;;;9917.0;0.0
yf_ZC=F_d3;25400;INTARIAN_PEPPER_ROOT;10102;18;10098;19;;;10118;20;10122;25;;;10110.0;0.0
yf_ZC=F_d3;25500;ASH_COATED_OSMIUM;9914;21;9912;12;;;9920;18;9923;20;;;9917.0;0.0
yf_ZC=F_d3;25500;INTARIAN_PEPPER_ROOT;10103;11;10100;18;;;10121;16;10123;24;;;10112.0;0.0
yf_ZC=F_d3;25600;ASH_COATED_OSMIUM;9914;11;9912;20;;;9920;8;9923;16;;;9917.0;0.0
yf_ZC=F_d3;25600;INTARIAN_PEPPER_ROOT;10102;24;10100;16;;;10124;25;10128;22;;;10113.0;0.0
yf_ZC=F_d3;25700;ASH_COATED_OSMIUM;9914;5;9911;23;;;9920;17;9922;18;;;9917.0;0.0
yf_ZC=F_d3;25700;INTARIAN_PEPPER_ROOT;10111;14;10107;11;;;10117;14;10119;19;;;10114.0;0.0
yf_ZC=F_d3;25800;ASH_COATED_OSMIUM;9914;14;9912;16;;;9921;22;9923;11;;;9917.5;0.0
yf_ZC=F_d3;25800;INTARIAN_PEPPER_ROOT;10112;17;10110;20;;;10118;10;10121;21;;;10115.0;0.0
yf_ZC=F_d3;25900;ASH_COATED_OSMIUM;9909;9;9907;23;;;9927;17;9929;18;;;9918.0;0.0
yf_ZC=F_d3;25900;INTARIAN_PEPPER_ROOT;10110;18;10106;20;;;10123;20;10125;27;;;10116.5;0.0
yf_ZC=F_d3;26000;ASH_COATED_OSMIUM;9896;15;9892;25;;;9939;5;9943;14;;;9917.5;0.0
yf_ZC=F_d3;26000;INTARIAN_PEPPER_ROOT;10115;22;10113;19;;;10121;8;10125;12;;;10118.0;0.0
yf_ZC=F_d3;26100;ASH_COATED_OSMIUM;9913;17;9909;20;;;9922;15;9926;16;;;9917.5;0.0
yf_ZC=F_d3;26100;INTARIAN_PEPPER_ROOT;10117;16;10115;25;;;10123;13;10125;20;;;10120.0;0.0
yf_ZC=F_d3;26200;ASH_COATED_OSMIUM;9915;8;9911;17;;;9921;14;9925;20;;;9918.0;0.0
yf_ZC=F_d3;26200;INTARIAN_PEPPER_ROOT;10117;11;10115;18;;;10123;8;10127;25;;;10120.0;0.0
yf_ZC=F_d3;26300;ASH_COATED_OSMIUM;9913;16;9911;22;;;9922;8;9924;23;;;9917.5;0.0
yf_ZC=F_d3;26300;INTARIAN_PEPPER_ROOT;10111;11;10108;17;;;10134;18;10137;22;;;10122.5;0.0
yf_ZC=F_d3;26400;ASH_COATED_OSMIUM;9915;22;9913;19;;;9921;18;9923;20;;;9918.0;0.0
yf_ZC=F_d3;26400;INTARIAN_PEPPER_ROOT;10109;15;10107;29;;;10138;12;10140;18;;;10123.5;0.0
yf_ZC=F_d3;26500;ASH_COATED_OSMIUM;9915;8;9911;18;;;9921;19;9925;17;;;9918.0;0.0
yf_ZC=F_d3;26500;INTARIAN_PEPPER_ROOT;10119;20;10115;16;;;10132;15;10134;17;;;10125.5;0.0
yf_ZC=F_d3;26600;ASH_COATED_OSMIUM;9908;12;9905;15;;;9925;14;9927;17;;;9916.5;0.0
yf_ZC=F_d3;26600;INTARIAN_PEPPER_ROOT;10121;18;10117;16;;;10131;23;10133;18;;;10126.0;0.0
yf_ZC=F_d3;26700;ASH_COATED_OSMIUM;9910;22;9908;16;;;9924;17;9928;16;;;9917.0;0.0
yf_ZC=F_d3;26700;INTARIAN_PEPPER_ROOT;10124;14;10121;14;;;10130;17;10132;30;;;10127.0;0.0
yf_ZC=F_d3;26800;ASH_COATED_OSMIUM;9914;23;9911;29;;;9920;5;9922;16;;;9917.0;0.0
yf_ZC=F_d3;26800;INTARIAN_PEPPER_ROOT;10117;18;10115;21;;;10141;12;10143;17;;;10129.0;0.0
yf_ZC=F_d3;26900;ASH_COATED_OSMIUM;9915;15;9913;19;;;9921;14;9923;17;;;9918.0;0.0
yf_ZC=F_d3;26900;INTARIAN_PEPPER_ROOT;10125;13;10121;27;;;10136;13;10140;10;;;10130.5;0.0
yf_ZC=F_d3;27000;ASH_COATED_OSMIUM;9913;20;9910;22;;;9922;11;9925;24;;;9917.5;0.0
yf_ZC=F_d3;27000;INTARIAN_PEPPER_ROOT;10128;11;10125;22;;;10134;14;10138;21;;;10131.0;0.0
yf_ZC=F_d3;27100;ASH_COATED_OSMIUM;9915;12;9913;14;;;9921;10;9923;22;;;9918.0;0.0
yf_ZC=F_d3;27100;INTARIAN_PEPPER_ROOT;10130;19;10126;24;;;10136;5;10138;26;;;10133.0;0.0
yf_ZC=F_d3;27200;ASH_COATED_OSMIUM;9904;18;9902;15;;;9930;14;9932;10;;;9917.0;0.0
yf_ZC=F_d3;27200;INTARIAN_PEPPER_ROOT;10131;15;10127;22;;;10138;5;10141;20;;;10134.5;0.0
yf_ZC=F_d3;27300;ASH_COATED_OSMIUM;9909;11;9907;23;;;9924;18;9927;8;;;9916.5;0.0
yf_ZC=F_d3;27300;INTARIAN_PEPPER_ROOT;10133;17;10129;9;;;10139;12;10142;21;;;10136.0;0.0
yf_ZC=F_d3;27400;ASH_COATED_OSMIUM;9912;16;9908;15;;;9923;9;9927;26;;;9917.5;0.0
yf_ZC=F_d3;27400;INTARIAN_PEPPER_ROOT;10128;12;10126;27;;;10145;6;10149;18;;;10136.5;0.0
yf_ZC=F_d3;27500;ASH_COATED_OSMIUM;9914;15;9911;17;;;9920;20;9922;16;;;9917.0;0.0
yf_ZC=F_d3;27500;INTARIAN_PEPPER_ROOT;10132;16;10130;26;;;10143;10;10147;17;;;10137.5;0.0
yf_ZC=F_d3;27600;ASH_COATED_OSMIUM;9914;12;9911;18;;;9920;13;9924;25;;;9917.0;0.0
yf_ZC=F_d3;27600;INTARIAN_PEPPER_ROOT;10129;7;10127;11;;;10148;20;10150;18;;;10138.5;0.0
yf_ZC=F_d3;27700;ASH_COATED_OSMIUM;9914;14;9911;20;;;9920;12;9924;17;;;9917.0;0.0
yf_ZC=F_d3;27700;INTARIAN_PEPPER_ROOT;10137;25;10133;25;;;10143;5;10146;16;;;10140.0;0.0
yf_ZC=F_d3;27800;ASH_COATED_OSMIUM;9914;10;9911;23;;;9920;10;9922;21;;;9917.0;0.0
yf_ZC=F_d3;27800;INTARIAN_PEPPER_ROOT;10133;20;10129;17;;;10151;14;10154;17;;;10142.0;0.0
yf_ZC=F_d3;27900;ASH_COATED_OSMIUM;9915;14;9911;25;;;9921;5;9924;17;;;9918.0;0.0
yf_ZC=F_d3;27900;INTARIAN_PEPPER_ROOT;10140;13;10138;15;;;10146;16;10150;30;;;10143.0;0.0
yf_ZC=F_d3;28000;ASH_COATED_OSMIUM;9912;18;9909;23;;;9923;12;9926;18;;;9917.5;0.0
yf_ZC=F_d3;28000;INTARIAN_PEPPER_ROOT;10141;17;10139;22;;;10149;18;10152;20;;;10145.0;0.0
yf_ZC=F_d3;28100;ASH_COATED_OSMIUM;9914;14;9911;24;;;9920;17;9923;17;;;9917.0;0.0
yf_ZC=F_d3;28100;INTARIAN_PEPPER_ROOT;10143;20;10141;14;;;10149;18;10152;24;;;10146.0;0.0
yf_ZC=F_d3;28200;ASH_COATED_OSMIUM;9914;11;9910;9;;;9920;13;9922;8;;;9917.0;0.0
yf_ZC=F_d3;28200;INTARIAN_PEPPER_ROOT;10144;14;10142;16;;;10150;18;10153;18;;;10147.0;0.0
yf_ZC=F_d3;28300;ASH_COATED_OSMIUM;9914;16;9910;16;;;9920;16;9924;9;;;9917.0;0.0
yf_ZC=F_d3;28300;INTARIAN_PEPPER_ROOT;10146;12;10143;14;;;10152;18;10154;20;;;10149.0;0.0
yf_ZC=F_d3;28400;ASH_COATED_OSMIUM;9915;9;9911;26;;;9921;14;9925;14;;;9918.0;0.0
yf_ZC=F_d3;28400;INTARIAN_PEPPER_ROOT;10144;18;10142;27;;;10154;19;10156;17;;;10149.0;0.0
yf_ZC=F_d3;28500;ASH_COATED_OSMIUM;9912;18;9908;25;;;9921;13;9925;20;;;9916.5;0.0
yf_ZC=F_d3;28500;INTARIAN_PEPPER_ROOT;10147;15;10144;13;;;10155;10;10158;8;;;10151.0;0.0
yf_ZC=F_d3;28600;ASH_COATED_OSMIUM;9915;20;9911;24;;;9921;19;9924;21;;;9918.0;0.0
yf_ZC=F_d3;28600;INTARIAN_PEPPER_ROOT;10146;17;10143;21;;;10158;18;10162;16;;;10152.0;0.0
yf_ZC=F_d3;28700;ASH_COATED_OSMIUM;9914;5;9911;17;;;9920;13;9924;24;;;9917.0;0.0
yf_ZC=F_d3;28700;INTARIAN_PEPPER_ROOT;10151;6;10147;8;;;10157;10;10159;19;;;10154.0;0.0
yf_ZC=F_d3;28800;ASH_COATED_OSMIUM;9913;27;9910;12;;;9921;17;9923;17;;;9917.0;0.0
yf_ZC=F_d3;28800;INTARIAN_PEPPER_ROOT;10151;12;10148;22;;;10159;17;10163;23;;;10155.0;0.0
yf_ZC=F_d3;28900;ASH_COATED_OSMIUM;9915;9;9912;18;;;9921;10;9924;19;;;9918.0;0.0
yf_ZC=F_d3;28900;INTARIAN_PEPPER_ROOT;10153;10;10149;16;;;10159;22;10163;22;;;10156.0;0.0
yf_ZC=F_d3;29000;ASH_COATED_OSMIUM;9910;16;9906;9;;;9924;17;9926;22;;;9917.0;0.0
yf_ZC=F_d3;29000;INTARIAN_PEPPER_ROOT;10155;7;10152;24;;;10161;16;10164;29;;;10158.0;0.0
yf_ZC=F_d3;29100;ASH_COATED_OSMIUM;9893;6;9889;17;;;9941;21;9945;16;;;9917.0;0.0
yf_ZC=F_d3;29100;INTARIAN_PEPPER_ROOT;10154;11;10150;19;;;10165;14;10169;10;;;10159.5;0.0
yf_ZC=F_d3;29200;ASH_COATED_OSMIUM;9887;11;9883;10;;;9949;12;9952;23;;;9918.0;0.0
yf_ZC=F_d3;29200;INTARIAN_PEPPER_ROOT;10158;5;10154;23;;;10164;16;10167;16;;;10161.0;0.0
yf_ZC=F_d3;29300;ASH_COATED_OSMIUM;9914;10;9910;20;;;9920;18;9924;24;;;9917.0;0.0
yf_ZC=F_d3;29300;INTARIAN_PEPPER_ROOT;10159;12;10157;8;;;10165;12;10168;22;;;10162.0;0.0
yf_ZC=F_d3;29400;ASH_COATED_OSMIUM;9914;24;9912;24;;;9920;26;9924;15;;;9917.0;0.0
yf_ZC=F_d3;29400;INTARIAN_PEPPER_ROOT;10160;16;10157;21;;;10166;12;10169;29;;;10163.0;0.0
yf_ZC=F_d3;29500;ASH_COATED_OSMIUM;9913;16;9910;13;;;9923;18;9925;28;;;9918.0;0.0
yf_ZC=F_d3;29500;INTARIAN_PEPPER_ROOT;10161;18;10158;23;;;10168;16;10172;19;;;10164.5;0.0
yf_ZC=F_d3;29600;ASH_COATED_OSMIUM;9913;15;9911;15;;;9921;20;9923;23;;;9917.0;0.0
yf_ZC=F_d3;29600;INTARIAN_PEPPER_ROOT;10163;9;10161;18;;;10169;21;10171;22;;;10166.0;0.0
yf_ZC=F_d3;29700;ASH_COATED_OSMIUM;9908;16;9906;26;;;9927;9;9931;14;;;9917.5;0.0
yf_ZC=F_d3;29700;INTARIAN_PEPPER_ROOT;10161;15;10157;18;;;10173;23;10177;18;;;10167.0;0.0
yf_ZC=F_d3;29800;ASH_COATED_OSMIUM;9914;13;9911;24;;;9920;10;9924;11;;;9917.0;0.0
yf_ZC=F_d3;29800;INTARIAN_PEPPER_ROOT;10165;11;10162;21;;;10171;10;10173;23;;;10168.0;0.0
yf_ZC=F_d3;29900;ASH_COATED_OSMIUM;9914;12;9912;24;;;9920;20;9923;30;;;9917.0;0.0
yf_ZC=F_d3;29900;INTARIAN_PEPPER_ROOT;10167;20;10165;19;;;10173;15;10175;18;;;10170.0;0.0
yf_ZC=F_d3;30000;ASH_COATED_OSMIUM;9914;14;9910;15;;;9920;10;9924;18;;;9917.0;0.0
yf_ZC=F_d3;30000;INTARIAN_PEPPER_ROOT;10162;17;10159;16;;;10179;17;10182;15;;;10170.5;0.0
yf_ZC=F_d3;30100;ASH_COATED_OSMIUM;9914;12;9910;19;;;9920;18;9922;19;;;9917.0;0.0
yf_ZC=F_d3;30100;INTARIAN_PEPPER_ROOT;10167;17;10163;24;;;10177;13;10180;10;;;10172.0;0.0
yf_ZC=F_d3;30200;ASH_COATED_OSMIUM;9913;19;9911;20;;;9920;14;9922;21;;;9916.5;0.0
yf_ZC=F_d3;30200;INTARIAN_PEPPER_ROOT;10171;20;10168;17;;;10177;20;10180;19;;;10174.0;0.0
yf_ZC=F_d3;30300;ASH_COATED_OSMIUM;9914;9;9912;19;;;9920;18;9924;26;;;9917.0;0.0
yf_ZC=F_d3;30300;INTARIAN_PEPPER_ROOT;10171;22;10168;19;;;10177;6;10181;16;;;10174.0;0.0
yf_ZC=F_d3;30400;ASH_COATED_OSMIUM;9914;17;9912;20;;;9920;20;9924;17;;;9917.0;0.0
yf_ZC=F_d3;30400;INTARIAN_PEPPER_ROOT;10174;19;10172;9;;;10180;12;10182;23;;;10177.0;0.0
yf_ZC=F_d3;30500;ASH_COATED_OSMIUM;9914;13;9910;11;;;9920;7;9924;22;;;9917.0;0.0
yf_ZC=F_d3;30500;INTARIAN_PEPPER_ROOT;10175;18;10171;25;;;10181;21;10185;27;;;10178.0;0.0
yf_ZC=F_d3;30600;ASH_COATED_OSMIUM;9901;24;9897;26;;;9934;7;9937;25;;;9917.5;0.0
yf_ZC=F_d3;30600;INTARIAN_PEPPER_ROOT;10176;20;10172;18;;;10182;21;10185;17;;;10179.0;0.0
yf_ZC=F_d3;30700;ASH_COATED_OSMIUM;9915;27;9912;17;;;9921;13;9924;15;;;9918.0;0.0
yf_ZC=F_d3;30700;INTARIAN_PEPPER_ROOT;10176;16;10173;25;;;10184;10;10186;12;;;10180.0;0.0
yf_ZC=F_d3;30800;ASH_COATED_OSMIUM;9914;15;9910;26;;;9920;21;9922;22;;;9917.0;0.0
yf_ZC=F_d3;30800;INTARIAN_PEPPER_ROOT;10178;17;10176;18;;;10184;9;10187;17;;;10181.0;0.0
yf_ZC=F_d3;30900;ASH_COATED_OSMIUM;9913;9;9911;21;;;9920;13;9922;21;;;9916.5;0.0
yf_ZC=F_d3;30900;INTARIAN_PEPPER_ROOT;10171;17;10169;12;;;10193;19;10197;19;;;10182.0;0.0
yf_ZC=F_d3;31000;ASH_COATED_OSMIUM;9914;5;9910;20;;;9921;17;9925;25;;;9917.5;0.0
yf_ZC=F_d3;31000;INTARIAN_PEPPER_ROOT;10178;18;10175;11;;;10189;22;10193;19;;;10183.5;0.0
yf_ZC=F_d3;31100;ASH_COATED_OSMIUM;9914;8;9912;26;;;9920;19;9923;18;;;9917.0;0.0
yf_ZC=F_d3;31100;INTARIAN_PEPPER_ROOT;10182;27;10178;13;;;10188;19;10190;24;;;10185.0;0.0
yf_ZC=F_d3;31200;ASH_COATED_OSMIUM;9914;10;9912;20;;;9920;16;9923;16;;;9917.0;0.0
yf_ZC=F_d3;31200;INTARIAN_PEPPER_ROOT;10184;10;10181;20;;;10190;21;10192;18;;;10187.0;0.0
yf_ZC=F_d3;31300;ASH_COATED_OSMIUM;9914;10;9912;15;;;9920;14;9924;14;;;9917.0;0.0
yf_ZC=F_d3;31300;INTARIAN_PEPPER_ROOT;10185;28;10183;24;;;10191;14;10193;13;;;10188.0;0.0
yf_ZC=F_d3;31400;ASH_COATED_OSMIUM;9914;20;9912;26;;;9920;7;9923;14;;;9917.0;0.0
yf_ZC=F_d3;31400;INTARIAN_PEPPER_ROOT;10186;13;10182;20;;;10192;10;10194;14;;;10189.0;0.0
yf_ZC=F_d3;31500;ASH_COATED_OSMIUM;9913;16;9910;27;;;9920;11;9923;18;;;9916.5;0.0
yf_ZC=F_d3;31500;INTARIAN_PEPPER_ROOT;10188;19;10184;15;;;10194;19;10197;26;;;10191.0;0.0
yf_ZC=F_d3;31600;ASH_COATED_OSMIUM;9914;14;9910;22;;;9921;9;9923;19;;;9917.5;0.0
yf_ZC=F_d3;31600;INTARIAN_PEPPER_ROOT;10185;15;10182;18;;;10199;11;10201;20;;;10192.0;0.0
yf_ZC=F_d3;31700;ASH_COATED_OSMIUM;9914;20;9912;23;;;9920;12;9924;16;;;9917.0;0.0
yf_ZC=F_d3;31700;INTARIAN_PEPPER_ROOT;10187;8;10183;17;;;10199;25;10202;28;;;10193.0;0.0
yf_ZC=F_d3;31800;ASH_COATED_OSMIUM;9911;9;9907;18;;;9923;6;9925;16;;;9917.0;0.0
yf_ZC=F_d3;31800;INTARIAN_PEPPER_ROOT;10180;21;10176;25;;;10209;11;10213;18;;;10194.5;0.0
yf_ZC=F_d3;31900;ASH_COATED_OSMIUM;9913;18;9911;26;;;9921;8;9924;17;;;9917.0;0.0
yf_ZC=F_d3;31900;INTARIAN_PEPPER_ROOT;10193;11;10191;25;;;10199;5;10201;17;;;10196.0;0.0
yf_ZC=F_d3;32000;ASH_COATED_OSMIUM;9909;9;9906;16;;;9926;18;9928;19;;;9917.5;0.0
yf_ZC=F_d3;32000;INTARIAN_PEPPER_ROOT;10194;7;10191;22;;;10200;18;10203;15;;;10197.0;0.0
yf_ZC=F_d3;32100;ASH_COATED_OSMIUM;9914;12;9912;16;;;9920;12;9923;17;;;9917.0;0.0
yf_ZC=F_d3;32100;INTARIAN_PEPPER_ROOT;10195;13;10191;12;;;10201;17;10204;28;;;10198.0;0.0
yf_ZC=F_d3;32200;ASH_COATED_OSMIUM;9914;16;9911;23;;;9920;10;9922;16;;;9917.0;0.0
yf_ZC=F_d3;32200;INTARIAN_PEPPER_ROOT;10189;12;10185;19;;;10211;6;10213;21;;;10200.0;0.0
yf_ZC=F_d3;32300;ASH_COATED_OSMIUM;9914;12;9912;12;;;9920;12;9923;22;;;9917.0;0.0
yf_ZC=F_d3;32300;INTARIAN_PEPPER_ROOT;10198;6;10196;34;;;10206;5;10210;28;;;10202.0;0.0
yf_ZC=F_d3;32400;ASH_COATED_OSMIUM;9914;12;9912;12;;;9920;16;9922;15;;;9917.0;0.0
yf_ZC=F_d3;32400;INTARIAN_PEPPER_ROOT;10194;15;10191;15;;;10212;27;10215;27;;;10203.0;0.0
yf_ZC=F_d3;32500;ASH_COATED_OSMIUM;9911;26;9907;20;;;9924;18;9926;17;;;9917.5;0.0
yf_ZC=F_d3;32500;INTARIAN_PEPPER_ROOT;10200;13;10196;12;;;10207;9;10211;13;;;10203.5;0.0
yf_ZC=F_d3;32600;ASH_COATED_OSMIUM;9914;26;9911;20;;;9920;10;9922;19;;;9917.0;0.0
yf_ZC=F_d3;32600;INTARIAN_PEPPER_ROOT;10200;16;10197;26;;;10211;13;10215;13;;;10205.5;0.0
yf_ZC=F_d3;32700;ASH_COATED_OSMIUM;9912;12;9908;22;;;9921;20;9923;9;;;9916.5;0.0
yf_ZC=F_d3;32700;INTARIAN_PEPPER_ROOT;10193;9;10190;18;;;10220;5;10224;25;;;10206.5;0.0
yf_ZC=F_d3;32800;ASH_COATED_OSMIUM;9914;7;9911;27;;;9920;15;9924;25;;;9917.0;0.0
yf_ZC=F_d3;32800;INTARIAN_PEPPER_ROOT;10205;15;10201;18;;;10212;26;10214;8;;;10208.5;0.0
yf_ZC=F_d3;32900;ASH_COATED_OSMIUM;9912;14;9910;23;;;9923;15;9927;15;;;9917.5;0.0
yf_ZC=F_d3;32900;INTARIAN_PEPPER_ROOT;10205;19;10201;8;;;10214;13;10218;15;;;10209.5;0.0
yf_ZC=F_d3;33000;ASH_COATED_OSMIUM;9905;8;9901;19;;;9929;14;9933;24;;;9917.0;0.0
yf_ZC=F_d3;33000;INTARIAN_PEPPER_ROOT;10208;14;10204;25;;;10214;11;10217;20;;;10211.0;0.0
yf_ZC=F_d3;33100;ASH_COATED_OSMIUM;9913;15;9910;20;;;9919;24;9921;14;;;9916.0;0.0
yf_ZC=F_d3;33100;INTARIAN_PEPPER_ROOT;10209;10;10205;21;;;10215;8;10217;15;;;10212.0;0.0
yf_ZC=F_d3;33200;ASH_COATED_OSMIUM;9914;8;9912;17;;;9920;20;9924;16;;;9917.0;0.0
yf_ZC=F_d3;33200;INTARIAN_PEPPER_ROOT;10210;30;10206;22;;;10217;14;10221;17;;;10213.5;0.0
yf_ZC=F_d3;33300;ASH_COATED_OSMIUM;9914;16;9912;14;;;9920;11;9922;25;;;9917.0;0.0
yf_ZC=F_d3;33300;INTARIAN_PEPPER_ROOT;10211;13;10208;18;;;10217;25;10221;20;;;10214.0;0.0
yf_ZC=F_d3;33400;ASH_COATED_OSMIUM;9913;18;9910;14;;;9921;11;9923;14;;;9917.0;0.0
yf_ZC=F_d3;33400;INTARIAN_PEPPER_ROOT;10212;10;10208;14;;;10219;10;10223;25;;;10215.5;0.0
yf_ZC=F_d3;33500;ASH_COATED_OSMIUM;9913;18;9910;17;;;9921;18;9925;20;;;9917.0;0.0
yf_ZC=F_d3;33500;INTARIAN_PEPPER_ROOT;10214;21;10210;30;;;10220;14;10222;21;;;10217.0;0.0
yf_ZC=F_d3;33600;ASH_COATED_OSMIUM;9913;13;9911;24;;;9919;10;9922;19;;;9916.0;0.0
yf_ZC=F_d3;33600;INTARIAN_PEPPER_ROOT;10215;17;10211;26;;;10221;19;10223;19;;;10218.0;0.0
yf_ZC=F_d3;33700;ASH_COATED_OSMIUM;9913;11;9909;18;;;9920;6;9924;18;;;9916.5;0.0
yf_ZC=F_d3;33700;INTARIAN_PEPPER_ROOT;10205;18;10201;16;;;10235;17;10238;17;;;10220.0;0.0
yf_ZC=F_d3;33800;ASH_COATED_OSMIUM;9914;14;9912;18;;;9920;12;9922;23;;;9917.0;0.0
yf_ZC=F_d3;33800;INTARIAN_PEPPER_ROOT;10218;8;10216;21;;;10224;9;10226;20;;;10221.0;0.0
yf_ZC=F_d3;33900;ASH_COATED_OSMIUM;9914;14;9912;16;;;9920;10;9923;16;;;9917.0;0.0
yf_ZC=F_d3;33900;INTARIAN_PEPPER_ROOT;10217;19;10215;19;;;10227;10;10231;13;;;10222.0;0.0
yf_ZC=F_d3;34000;ASH_COATED_OSMIUM;9914;24;9911;15;;;9920;13;9924;14;;;9917.0;0.0
yf_ZC=F_d3;34000;INTARIAN_PEPPER_ROOT;10219;14;10215;22;;;10225;11;10229;28;;;10222.0;0.0
yf_ZC=F_d3;34100;ASH_COATED_OSMIUM;9914;8;9910;18;;;9920;21;9922;17;;;9917.0;0.0
yf_ZC=F_d3;34100;INTARIAN_PEPPER_ROOT;10209;9;10206;16;;;10234;12;10238;30;;;10221.5;0.0
yf_ZC=F_d3;34200;ASH_COATED_OSMIUM;9914;13;9912;22;;;9920;25;9922;19;;;9917.0;0.0
yf_ZC=F_d3;34200;INTARIAN_PEPPER_ROOT;10218;22;10215;19;;;10224;20;10226;18;;;10221.0;0.0
yf_ZC=F_d3;34300;ASH_COATED_OSMIUM;9914;17;9910;16;;;9920;16;9923;23;;;9917.0;0.0
yf_ZC=F_d3;34300;INTARIAN_PEPPER_ROOT;10214;12;10210;14;;;10225;23;10228;22;;;10219.5;0.0
yf_ZC=F_d3;34400;ASH_COATED_OSMIUM;9914;25;9910;32;;;9920;16;9922;24;;;9917.0;0.0
yf_ZC=F_d3;34400;INTARIAN_PEPPER_ROOT;10216;14;10213;14;;;10223;10;10227;24;;;10219.5;0.0
yf_ZC=F_d3;34500;ASH_COATED_OSMIUM;9914;14;9911;22;;;9920;5;9923;14;;;9917.0;0.0
yf_ZC=F_d3;34500;INTARIAN_PEPPER_ROOT;10214;9;10211;17;;;10223;22;10225;13;;;10218.5;0.0
yf_ZC=F_d3;34600;ASH_COATED_OSMIUM;9914;15;9911;27;;;9920;18;9922;15;;;9917.0;0.0
yf_ZC=F_d3;34600;INTARIAN_PEPPER_ROOT;10210;14;10208;18;;;10229;14;10231;18;;;10219.5;0.0
yf_ZC=F_d3;34700;ASH_COATED_OSMIUM;9909;18;9906;29;;;9925;15;9928;15;;;9917.0;0.0
yf_ZC=F_d3;34700;INTARIAN_PEPPER_ROOT;10215;8;10212;32;;;10221;12;10224;22;;;10218.0;0.0
yf_ZC=F_d3;34800;ASH_COATED_OSMIUM;9909;30;9906;16;;;9923;15;9926;24;;;9916.0;0.0
yf_ZC=F_d3;34800;INTARIAN_PEPPER_ROOT;10215;20;10212;22;;;10221;5;10224;15;;;10218.0;0.0
yf_ZC=F_d3;34900;ASH_COATED_OSMIUM;9913;14;9911;22;;;9919;11;9922;23;;;9916.0;0.0
yf_ZC=F_d3;34900;INTARIAN_PEPPER_ROOT;10214;12;10211;15;;;10220;16;10222;18;;;10217.0;0.0
yf_ZC=F_d3;35000;ASH_COATED_OSMIUM;9911;23;9909;12;;;9923;16;9926;25;;;9917.0;0.0
yf_ZC=F_d3;35000;INTARIAN_PEPPER_ROOT;10214;12;10211;20;;;10220;18;10223;15;;;10217.0;0.0
yf_ZC=F_d3;35100;ASH_COATED_OSMIUM;9913;13;9911;25;;;9919;16;9922;12;;;9916.0;0.0
yf_ZC=F_d3;35100;INTARIAN_PEPPER_ROOT;10209;16;10207;24;;;10224;7;10227;16;;;10216.5;0.0
yf_ZC=F_d3;35200;ASH_COATED_OSMIUM;9910;20;9907;22;;;9923;13;9926;23;;;9916.5;0.0
yf_ZC=F_d3;35200;INTARIAN_PEPPER_ROOT;10210;19;10206;20;;;10221;5;10224;21;;;10215.5;0.0
yf_ZC=F_d3;35300;ASH_COATED_OSMIUM;9913;5;9909;25;;;9920;12;9923;18;;;9916.5;0.0
yf_ZC=F_d3;35300;INTARIAN_PEPPER_ROOT;10212;19;10210;22;;;10218;5;10222;21;;;10215.0;0.0
yf_ZC=F_d3;35400;ASH_COATED_OSMIUM;9913;11;9909;20;;;9919;9;9921;18;;;9916.0;0.0
yf_ZC=F_d3;35400;INTARIAN_PEPPER_ROOT;10208;16;10205;17;;;10222;5;10225;20;;;10215.0;0.0
yf_ZC=F_d3;35500;ASH_COATED_OSMIUM;9913;14;9911;19;;;9919;17;9923;13;;;9916.0;0.0
yf_ZC=F_d3;35500;INTARIAN_PEPPER_ROOT;10211;15;10209;18;;;10217;19;10220;18;;;10214.0;0.0
yf_ZC=F_d3;35600;ASH_COATED_OSMIUM;9913;21;9911;25;;;9919;12;9922;17;;;9916.0;0.0
yf_ZC=F_d3;35600;INTARIAN_PEPPER_ROOT;10211;15;10208;21;;;10217;16;10220;10;;;10214.0;0.0
yf_ZC=F_d3;35700;ASH_COATED_OSMIUM;9913;14;9909;21;;;9919;13;9922;17;;;9916.0;0.0
yf_ZC=F_d3;35700;INTARIAN_PEPPER_ROOT;10207;14;10205;31;;;10218;21;10221;22;;;10212.5;0.0
yf_ZC=F_d3;35800;ASH_COATED_OSMIUM;9906;17;9903;24;;;9926;18;9930;14;;;9916.0;0.0
yf_ZC=F_d3;35800;INTARIAN_PEPPER_ROOT;10210;17;10208;16;;;10216;14;10218;25;;;10213.0;0.0
yf_ZC=F_d3;35900;ASH_COATED_OSMIUM;9912;8;9910;20;;;9919;24;9922;29;;;9915.5;0.0
yf_ZC=F_d3;35900;INTARIAN_PEPPER_ROOT;10209;19;10205;19;;;10215;13;10219;12;;;10212.0;0.0
yf_ZC=F_d3;36000;ASH_COATED_OSMIUM;9913;16;9911;22;;;9919;5;9922;24;;;9916.0;0.0
yf_ZC=F_d3;36000;INTARIAN_PEPPER_ROOT;10209;8;10207;18;;;10215;16;10217;26;;;10212.0;0.0
yf_ZC=F_d3;36100;ASH_COATED_OSMIUM;9905;10;9902;25;;;9926;12;9929;15;;;9915.5;0.0
yf_ZC=F_d3;36100;INTARIAN_PEPPER_ROOT;10208;14;10205;20;;;10214;11;10216;28;;;10211.0;0.0
yf_ZC=F_d3;36200;ASH_COATED_OSMIUM;9912;11;9910;22;;;9918;18;9922;19;;;9915.0;0.0
yf_ZC=F_d3;36200;INTARIAN_PEPPER_ROOT;10198;13;10194;15;;;10224;14;10227;18;;;10211.0;0.0
yf_ZC=F_d3;36300;ASH_COATED_OSMIUM;9912;21;9909;19;;;9918;10;9922;13;;;9915.0;0.0
yf_ZC=F_d3;36300;INTARIAN_PEPPER_ROOT;10207;18;10204;19;;;10213;15;10216;25;;;10210.0;0.0
yf_ZC=F_d3;36400;ASH_COATED_OSMIUM;9909;16;9905;22;;;9924;17;9927;16;;;9916.5;0.0
yf_ZC=F_d3;36400;INTARIAN_PEPPER_ROOT;10206;17;10202;23;;;10212;10;10216;18;;;10209.0;0.0
yf_ZC=F_d3;36500;ASH_COATED_OSMIUM;9911;17;9908;22;;;9921;9;9925;26;;;9916.0;0.0
yf_ZC=F_d3;36500;INTARIAN_PEPPER_ROOT;10201;19;10197;24;;;10217;14;10221;29;;;10209.0;0.0
yf_ZC=F_d3;36600;ASH_COATED_OSMIUM;9911;15;9909;13;;;9920;18;9923;17;;;9915.5;0.0
yf_ZC=F_d3;36600;INTARIAN_PEPPER_ROOT;10206;15;10204;24;;;10212;12;10214;15;;;10209.0;0.0
yf_ZC=F_d3;36700;ASH_COATED_OSMIUM;9912;17;9908;21;;;9918;9;9920;30;;;9915.0;0.0
yf_ZC=F_d3;36700;INTARIAN_PEPPER_ROOT;10205;15;10202;22;;;10212;15;10214;28;;;10208.5;0.0
yf_ZC=F_d3;36800;ASH_COATED_OSMIUM;9911;13;9909;22;;;9919;15;9921;20;;;9915.0;0.0
yf_ZC=F_d3;36800;INTARIAN_PEPPER_ROOT;10205;18;10203;27;;;10211;8;10214;27;;;10208.0;0.0
yf_ZC=F_d3;36900;ASH_COATED_OSMIUM;9913;19;9909;15;;;9919;21;9921;18;;;9916.0;0.0
yf_ZC=F_d3;36900;INTARIAN_PEPPER_ROOT;10201;20;10198;18;;;10214;17;10217;25;;;10207.5;0.0
yf_ZC=F_d3;37000;ASH_COATED_OSMIUM;9912;13;9909;25;;;9918;17;9922;21;;;9915.0;0.0
yf_ZC=F_d3;37000;INTARIAN_PEPPER_ROOT;10203;15;10200;22;;;10209;7;10211;22;;;10206.0;0.0
yf_ZC=F_d3;37100;ASH_COATED_OSMIUM;9903;15;9899;23;;;9926;15;9929;24;;;9914.5;0.0
yf_ZC=F_d3;37100;INTARIAN_PEPPER_ROOT;10203;11;10199;25;;;10209;14;10213;19;;;10206.0;0.0
yf_ZC=F_d3;37200;ASH_COATED_OSMIUM;9905;9;9902;30;;;9925;5;9928;17;;;9915.0;0.0
yf_ZC=F_d3;37200;INTARIAN_PEPPER_ROOT;10202;17;10200;25;;;10208;15;10211;21;;;10205.0;0.0
yf_ZC=F_d3;37300;ASH_COATED_OSMIUM;9912;15;9910;18;;;9918;23;9922;21;;;9915.0;0.0
yf_ZC=F_d3;37300;INTARIAN_PEPPER_ROOT;10202;14;10200;22;;;10208;15;10212;18;;;10205.0;0.0
yf_ZC=F_d3;37400;ASH_COATED_OSMIUM;9911;17;9909;24;;;9917;18;9919;24;;;9914.0;0.0
yf_ZC=F_d3;37400;INTARIAN_PEPPER_ROOT;10200;14;10197;23;;;10211;17;10214;8;;;10205.5;0.0
yf_ZC=F_d3;37500;ASH_COATED_OSMIUM;9912;24;9910;22;;;9918;21;9921;21;;;9915.0;0.0
yf_ZC=F_d3;37500;INTARIAN_PEPPER_ROOT;10201;18;10198;16;;;10207;9;10211;24;;;10204.0;0.0
yf_ZC=F_d3;37600;ASH_COATED_OSMIUM;9909;17;9907;18;;;9922;12;9925;21;;;9915.5;0.0
yf_ZC=F_d3;37600;INTARIAN_PEPPER_ROOT;10200;5;10196;24;;;10206;15;10210;19;;;10203.0;0.0
yf_ZC=F_d3;37700;ASH_COATED_OSMIUM;9912;7;9910;14;;;9918;14;9921;18;;;9915.0;0.0
yf_ZC=F_d3;37700;INTARIAN_PEPPER_ROOT;10200;16;10197;23;;;10206;15;10208;16;;;10203.0;0.0
yf_ZC=F_d3;37800;ASH_COATED_OSMIUM;9911;15;9908;15;;;9918;11;9922;11;;;9914.5;0.0
yf_ZC=F_d3;37800;INTARIAN_PEPPER_ROOT;10200;20;10196;11;;;10206;16;10208;21;;;10203.0;0.0
yf_ZC=F_d3;37900;ASH_COATED_OSMIUM;9912;12;9909;17;;;9918;10;9921;14;;;9915.0;0.0
yf_ZC=F_d3;37900;INTARIAN_PEPPER_ROOT;10199;11;10197;20;;;10205;13;10208;21;;;10202.0;0.0
yf_ZC=F_d3;38000;ASH_COATED_OSMIUM;9912;15;9910;17;;;9918;19;9922;23;;;9915.0;0.0
yf_ZC=F_d3;38000;INTARIAN_PEPPER_ROOT;10192;13;10189;23;;;10211;16;10213;20;;;10201.5;0.0
yf_ZC=F_d3;38100;ASH_COATED_OSMIUM;9910;9;9907;10;;;9918;5;9921;26;;;9914.0;0.0
yf_ZC=F_d3;38100;INTARIAN_PEPPER_ROOT;10192;16;10188;16;;;10210;18;10213;28;;;10201.0;0.0
yf_ZC=F_d3;38200;ASH_COATED_OSMIUM;9912;13;9908;10;;;9918;16;9922;20;;;9915.0;0.0
yf_ZC=F_d3;38200;INTARIAN_PEPPER_ROOT;10194;5;10191;14;;;10208;11;10211;22;;;10201.0;0.0
yf_ZC=F_d3;38300;ASH_COATED_OSMIUM;9911;18;9908;28;;;9918;13;9921;28;;;9914.5;0.0
yf_ZC=F_d3;38300;INTARIAN_PEPPER_ROOT;10198;20;10195;23;;;10204;13;10208;26;;;10201.0;0.0
yf_ZC=F_d3;38400;ASH_COATED_OSMIUM;9911;11;9909;35;;;9917;11;9921;14;;;9914.0;0.0
yf_ZC=F_d3;38400;INTARIAN_PEPPER_ROOT;10197;15;10194;21;;;10203;11;10207;12;;;10200.0;0.0
yf_ZC=F_d3;38500;ASH_COATED_OSMIUM;9911;18;9907;17;;;9917;17;9920;22;;;9914.0;0.0
yf_ZC=F_d3;38500;INTARIAN_PEPPER_ROOT;10196;27;10193;25;;;10202;5;10206;16;;;10199.0;0.0
yf_ZC=F_d3;38600;ASH_COATED_OSMIUM;9904;12;9902;22;;;9924;13;9926;24;;;9914.0;0.0
yf_ZC=F_d3;38600;INTARIAN_PEPPER_ROOT;10196;20;10194;18;;;10202;20;10205;19;;;10199.0;0.0
yf_ZC=F_d3;38700;ASH_COATED_OSMIUM;9907;6;9903;22;;;9921;19;9925;26;;;9914.0;0.0
yf_ZC=F_d3;38700;INTARIAN_PEPPER_ROOT;10195;23;10193;21;;;10201;13;10204;25;;;10198.0;0.0
yf_ZC=F_d3;38800;ASH_COATED_OSMIUM;9910;13;9907;17;;;9918;5;9920;20;;;9914.0;0.0
yf_ZC=F_d3;38800;INTARIAN_PEPPER_ROOT;10192;15;10188;26;;;10202;7;10205;23;;;10197.0;0.0
yf_ZC=F_d3;38900;ASH_COATED_OSMIUM;9908;10;9905;18;;;9920;20;9922;26;;;9914.0;0.0
yf_ZC=F_d3;38900;INTARIAN_PEPPER_ROOT;10192;20;10189;25;;;10202;12;10204;27;;;10197.0;0.0
yf_ZC=F_d3;39000;ASH_COATED_OSMIUM;9911;16;9909;32;;;9917;17;9921;28;;;9914.0;0.0
yf_ZC=F_d3;39000;INTARIAN_PEPPER_ROOT;10191;16;10189;20;;;10202;15;10206;18;;;10196.5;0.0
yf_ZC=F_d3;39100;ASH_COATED_OSMIUM;9911;25;9907;10;;;9917;11;9919;17;;;9914.0;0.0
yf_ZC=F_d3;39100;INTARIAN_PEPPER_ROOT;10193;22;10190;18;;;10199;20;10203;15;;;10196.0;0.0
yf_ZC=F_d3;39200;ASH_COATED_OSMIUM;9909;14;9906;22;;;9918;16;9921;24;;;9913.5;0.0
yf_ZC=F_d3;39200;INTARIAN_PEPPER_ROOT;10193;15;10190;24;;;10199;13;10203;13;;;10196.0;0.0
yf_ZC=F_d3;39300;ASH_COATED_OSMIUM;9898;21;9894;11;;;9930;13;9934;20;;;9914.0;0.0
yf_ZC=F_d3;39300;INTARIAN_PEPPER_ROOT;10192;12;10190;13;;;10198;14;10201;8;;;10195.0;0.0
yf_ZC=F_d3;39400;ASH_COATED_OSMIUM;9900;5;9897;15;;;9928;19;9931;24;;;9914.0;0.0
yf_ZC=F_d3;39400;INTARIAN_PEPPER_ROOT;10192;22;10188;27;;;10198;13;10201;18;;;10195.0;0.0
yf_ZC=F_d3;39500;ASH_COATED_OSMIUM;9910;20;9906;26;;;9916;6;9918;16;;;9913.0;0.0
yf_ZC=F_d3;39500;INTARIAN_PEPPER_ROOT;10192;6;10189;13;;;10198;10;10202;10;;;10195.0;0.0
yf_ZC=F_d3;39600;ASH_COATED_OSMIUM;9911;17;9907;17;;;9917;11;9921;17;;;9914.0;0.0
yf_ZC=F_d3;39600;INTARIAN_PEPPER_ROOT;10191;14;10189;19;;;10197;19;10200;17;;;10194.0;0.0
yf_ZC=F_d3;39700;ASH_COATED_OSMIUM;9910;14;9906;19;;;9916;15;9918;13;;;9913.0;0.0
yf_ZC=F_d3;39700;INTARIAN_PEPPER_ROOT;10188;7;10184;8;;;10199;21;10202;18;;;10193.5;0.0
yf_ZC=F_d3;39800;ASH_COATED_OSMIUM;9907;24;9903;16;;;9919;12;9923;23;;;9913.0;0.0
yf_ZC=F_d3;39800;INTARIAN_PEPPER_ROOT;10190;15;10186;21;;;10196;8;10199;35;;;10193.0;0.0
yf_ZC=F_d3;39900;ASH_COATED_OSMIUM;9910;5;9908;16;;;9916;10;9918;23;;;9913.0;0.0
yf_ZC=F_d3;39900;INTARIAN_PEPPER_ROOT;10188;17;10185;18;;;10196;18;10198;20;;;10192.0;0.0
yf_ZC=F_d3;40000;ASH_COATED_OSMIUM;9908;19;9906;16;;;9918;30;9922;8;;;9913.0;0.0
yf_ZC=F_d3;40000;INTARIAN_PEPPER_ROOT;10178;17;10176;17;;;10206;6;10210;17;;;10192.0;0.0
yf_ZC=F_d3;40100;ASH_COATED_OSMIUM;9911;10;9907;12;;;9917;16;9920;24;;;9914.0;0.0
yf_ZC=F_d3;40100;INTARIAN_PEPPER_ROOT;10185;18;10181;21;;;10197;14;10200;20;;;10191.0;0.0
yf_ZC=F_d3;40200;ASH_COATED_OSMIUM;9911;17;9907;24;;;9917;14;9919;10;;;9914.0;0.0
yf_ZC=F_d3;40200;INTARIAN_PEPPER_ROOT;10186;10;10183;13;;;10195;13;10199;28;;;10190.5;0.0
yf_ZC=F_d3;40300;ASH_COATED_OSMIUM;9910;5;9906;12;;;9916;16;9920;22;;;9913.0;0.0
yf_ZC=F_d3;40300;INTARIAN_PEPPER_ROOT;10187;17;10184;18;;;10193;19;10196;18;;;10190.0;0.0
yf_ZC=F_d3;40400;ASH_COATED_OSMIUM;9910;16;9908;19;;;9916;20;9918;8;;;9913.0;0.0
yf_ZC=F_d3;40400;INTARIAN_PEPPER_ROOT;10187;15;10183;21;;;10193;8;10196;28;;;10190.0;0.0
yf_ZC=F_d3;40500;ASH_COATED_OSMIUM;9905;11;9903;12;;;9921;16;9923;20;;;9913.0;0.0
yf_ZC=F_d3;40500;INTARIAN_PEPPER_ROOT;10186;23;10183;15;;;10192;13;10194;23;;;10189.0;0.0
yf_ZC=F_d3;40600;ASH_COATED_OSMIUM;9911;11;9908;20;;;9917;18;9920;18;;;9914.0;0.0
yf_ZC=F_d3;40600;INTARIAN_PEPPER_ROOT;10185;20;10182;23;;;10193;19;10195;21;;;10189.0;0.0
yf_ZC=F_d3;40700;ASH_COATED_OSMIUM;9910;19;9907;22;;;9916;18;9920;28;;;9913.0;0.0
yf_ZC=F_d3;40700;INTARIAN_PEPPER_ROOT;10185;21;10182;22;;;10191;21;10193;27;;;10188.0;0.0
yf_ZC=F_d3;40800;ASH_COATED_OSMIUM;9908;16;9906;21;;;9918;10;9921;17;;;9913.0;0.0
yf_ZC=F_d3;40800;INTARIAN_PEPPER_ROOT;10177;14;10173;15;;;10199;18;10203;20;;;10188.0;0.0
yf_ZC=F_d3;40900;ASH_COATED_OSMIUM;9907;12;9903;20;;;9918;12;9920;12;;;9912.5;0.0
yf_ZC=F_d3;40900;INTARIAN_PEPPER_ROOT;10184;15;10182;24;;;10190;15;10194;15;;;10187.0;0.0
yf_ZC=F_d3;41000;ASH_COATED_OSMIUM;9908;13;9904;23;;;9916;14;9918;20;;;9912.0;0.0
yf_ZC=F_d3;41000;INTARIAN_PEPPER_ROOT;10179;16;10176;15;;;10195;10;10198;15;;;10187.0;0.0
yf_ZC=F_d3;41100;ASH_COATED_OSMIUM;9910;19;9906;17;;;9916;14;9918;9;;;9913.0;0.0
yf_ZC=F_d3;41100;INTARIAN_PEPPER_ROOT;10179;13;10177;21;;;10193;24;10196;11;;;10186.0;0.0
yf_ZC=F_d3;41200;ASH_COATED_OSMIUM;9908;22;9906;20;;;9918;15;9921;17;;;9913.0;0.0
yf_ZC=F_d3;41200;INTARIAN_PEPPER_ROOT;10182;6;10178;31;;;10188;13;10191;8;;;10185.0;0.0
yf_ZC=F_d3;41300;ASH_COATED_OSMIUM;9907;11;9903;12;;;9917;8;9919;8;;;9912.0;0.0
yf_ZC=F_d3;41300;INTARIAN_PEPPER_ROOT;10182;11;10179;22;;;10188;14;10190;15;;;10185.0;0.0
yf_ZC=F_d3;41400;ASH_COATED_OSMIUM;9910;14;9907;9;;;9916;11;9918;28;;;9913.0;0.0
yf_ZC=F_d3;41400;INTARIAN_PEPPER_ROOT;10181;17;10179;18;;;10187;18;10190;21;;;10184.0;0.0
yf_ZC=F_d3;41500;ASH_COATED_OSMIUM;9910;13;9908;27;;;9916;16;9920;27;;;9913.0;0.0
yf_ZC=F_d3;41500;INTARIAN_PEPPER_ROOT;10169;16;10167;15;;;10200;12;10202;15;;;10184.5;0.0
yf_ZC=F_d3;41600;ASH_COATED_OSMIUM;9910;15;9906;22;;;9916;6;9919;20;;;9913.0;0.0
yf_ZC=F_d3;41600;INTARIAN_PEPPER_ROOT;10181;16;10177;20;;;10187;11;10189;17;;;10184.0;0.0
yf_ZC=F_d3;41700;ASH_COATED_OSMIUM;9908;14;9905;19;;;9917;10;9920;14;;;9912.5;0.0
yf_ZC=F_d3;41700;INTARIAN_PEPPER_ROOT;10180;16;10176;24;;;10186;9;10190;27;;;10183.0;0.0
yf_ZC=F_d3;41800;ASH_COATED_OSMIUM;9909;23;9907;21;;;9915;13;9917;17;;;9912.0;0.0
yf_ZC=F_d3;41800;INTARIAN_PEPPER_ROOT;10179;15;10175;21;;;10185;6;10188;18;;;10182.0;0.0
yf_ZC=F_d3;41900;ASH_COATED_OSMIUM;9906;17;9904;20;;;9918;14;9920;24;;;9912.0;0.0
yf_ZC=F_d3;41900;INTARIAN_PEPPER_ROOT;10178;13;10175;24;;;10185;11;10188;9;;;10181.5;0.0
yf_ZC=F_d3;42000;ASH_COATED_OSMIUM;9909;21;9907;16;;;9915;16;9919;17;;;9912.0;0.0
yf_ZC=F_d3;42000;INTARIAN_PEPPER_ROOT;10179;13;10175;23;;;10185;16;10189;22;;;10182.0;0.0
yf_ZC=F_d3;42100;ASH_COATED_OSMIUM;9909;5;9905;22;;;9915;10;9919;23;;;9912.0;0.0
yf_ZC=F_d3;42100;INTARIAN_PEPPER_ROOT;10178;16;10176;19;;;10184;14;10186;16;;;10181.0;0.0
yf_ZC=F_d3;42200;ASH_COATED_OSMIUM;9909;22;9907;14;;;9915;18;9917;10;;;9912.0;0.0
yf_ZC=F_d3;42200;INTARIAN_PEPPER_ROOT;10178;15;10174;20;;;10184;11;10187;20;;;10181.0;0.0
yf_ZC=F_d3;42300;ASH_COATED_OSMIUM;9909;10;9906;23;;;9915;9;9919;30;;;9912.0;0.0
yf_ZC=F_d3;42300;INTARIAN_PEPPER_ROOT;10174;17;10171;26;;;10187;16;10191;13;;;10180.5;0.0
yf_ZC=F_d3;42400;ASH_COATED_OSMIUM;9905;5;9901;24;;;9918;11;9920;22;;;9911.5;0.0
yf_ZC=F_d3;42400;INTARIAN_PEPPER_ROOT;10176;11;10172;23;;;10183;13;10186;19;;;10179.5;0.0
yf_ZC=F_d3;42500;ASH_COATED_OSMIUM;9909;13;9907;14;;;9915;15;9918;18;;;9912.0;0.0
yf_ZC=F_d3;42500;INTARIAN_PEPPER_ROOT;10176;22;10172;10;;;10182;15;10186;17;;;10179.0;0.0
yf_ZC=F_d3;42600;ASH_COATED_OSMIUM;9909;14;9907;21;;;9915;16;9917;19;;;9912.0;0.0
yf_ZC=F_d3;42600;INTARIAN_PEPPER_ROOT;10176;15;10174;17;;;10182;8;10185;24;;;10179.0;0.0
yf_ZC=F_d3;42700;ASH_COATED_OSMIUM;9902;15;9898;22;;;9922;20;9926;16;;;9912.0;0.0
yf_ZC=F_d3;42700;INTARIAN_PEPPER_ROOT;10175;13;10172;11;;;10181;14;10185;14;;;10178.0;0.0
yf_ZC=F_d3;42800;ASH_COATED_OSMIUM;9909;10;9905;25;;;9915;20;9918;17;;;9912.0;0.0
yf_ZC=F_d3;42800;INTARIAN_PEPPER_ROOT;10174;13;10172;25;;;10182;23;10186;15;;;10178.0;0.0
yf_ZC=F_d3;42900;ASH_COATED_OSMIUM;9909;16;9907;15;;;9915;17;9917;20;;;9912.0;0.0
yf_ZC=F_d3;42900;INTARIAN_PEPPER_ROOT;10174;17;10172;14;;;10180;12;10182;20;;;10177.0;0.0
yf_ZC=F_d3;43000;ASH_COATED_OSMIUM;9909;18;9906;21;;;9915;23;9919;23;;;9912.0;0.0
yf_ZC=F_d3;43000;INTARIAN_PEPPER_ROOT;10166;18;10164;16;;;10187;26;10191;27;;;10176.5;0.0
yf_ZC=F_d3;43100;ASH_COATED_OSMIUM;9906;19;9902;24;;;9917;14;9920;22;;;9911.5;0.0
yf_ZC=F_d3;43100;INTARIAN_PEPPER_ROOT;10164;18;10161;14;;;10187;15;10189;15;;;10175.5;0.0
yf_ZC=F_d3;43200;ASH_COATED_OSMIUM;9909;20;9906;16;;;9915;18;9917;14;;;9912.0;0.0
yf_ZC=F_d3;43200;INTARIAN_PEPPER_ROOT;10171;10;10168;13;;;10180;18;10184;24;;;10175.5;0.0
yf_ZC=F_d3;43300;ASH_COATED_OSMIUM;9894;5;9891;17;;;9928;10;9930;19;;;9911.0;0.0
yf_ZC=F_d3;43300;INTARIAN_PEPPER_ROOT;10171;22;10169;24;;;10178;22;10180;24;;;10174.5;0.0
yf_ZC=F_d3;43400;ASH_COATED_OSMIUM;9907;13;9904;14;;;9915;9;9919;25;;;9911.0;0.0
yf_ZC=F_d3;43400;INTARIAN_PEPPER_ROOT;10171;15;10167;21;;;10177;13;10181;20;;;10174.0;0.0
yf_ZC=F_d3;43500;ASH_COATED_OSMIUM;9908;11;9905;28;;;9914;8;9918;20;;;9911.0;0.0
yf_ZC=F_d3;43500;INTARIAN_PEPPER_ROOT;10168;15;10165;24;;;10180;11;10184;22;;;10174.0;0.0
yf_ZC=F_d3;43600;ASH_COATED_OSMIUM;9908;14;9905;17;;;9914;18;9918;16;;;9911.0;0.0
yf_ZC=F_d3;43600;INTARIAN_PEPPER_ROOT;10166;15;10163;13;;;10181;16;10184;27;;;10173.5;0.0
yf_ZC=F_d3;43700;ASH_COATED_OSMIUM;9908;8;9905;13;;;9914;16;9917;21;;;9911.0;0.0
yf_ZC=F_d3;43700;INTARIAN_PEPPER_ROOT;10170;9;10167;18;;;10176;6;10178;18;;;10173.0;0.0
yf_ZC=F_d3;43800;ASH_COATED_OSMIUM;9908;6;9905;20;;;9914;11;9916;10;;;9911.0;0.0
yf_ZC=F_d3;43800;INTARIAN_PEPPER_ROOT;10170;10;10168;22;;;10176;14;10180;21;;;10173.0;0.0
yf_ZC=F_d3;43900;ASH_COATED_OSMIUM;9908;9;9904;21;;;9914;9;9917;30;;;9911.0;0.0
yf_ZC=F_d3;43900;INTARIAN_PEPPER_ROOT;10169;15;10165;19;;;10175;5;10177;20;;;10172.0;0.0
yf_ZC=F_d3;44000;ASH_COATED_OSMIUM;9905;8;9901;20;;;9917;27;9920;19;;;9911.0;0.0
yf_ZC=F_d3;44000;INTARIAN_PEPPER_ROOT;10169;17;10165;17;;;10175;11;10178;20;;;10172.0;0.0
yf_ZC=F_d3;44100;ASH_COATED_OSMIUM;9908;13;9904;17;;;9914;10;9918;16;;;9911.0;0.0
yf_ZC=F_d3;44100;INTARIAN_PEPPER_ROOT;10168;23;10165;19;;;10174;11;10178;14;;;10171.0;0.0
yf_ZC=F_d3;44200;ASH_COATED_OSMIUM;9908;13;9905;20;;;9914;18;9917;19;;;9911.0;0.0
yf_ZC=F_d3;44200;INTARIAN_PEPPER_ROOT;10167;25;10163;22;;;10173;15;10176;23;;;10170.0;0.0
yf_ZC=F_d3;44300;ASH_COATED_OSMIUM;9903;7;9900;14;;;9918;16;9921;25;;;9910.5;0.0
yf_ZC=F_d3;44300;INTARIAN_PEPPER_ROOT;10167;12;10164;20;;;10173;11;10176;23;;;10170.0;0.0
yf_ZC=F_d3;44400;ASH_COATED_OSMIUM;9908;18;9905;14;;;9914;20;9918;24;;;9911.0;0.0
yf_ZC=F_d3;44400;INTARIAN_PEPPER_ROOT;10166;21;10164;19;;;10172;14;10174;23;;;10169.0;0.0
yf_ZC=F_d3;44500;ASH_COATED_OSMIUM;9906;13;9903;13;;;9916;17;9919;23;;;9911.0;0.0
yf_ZC=F_d3;44500;INTARIAN_PEPPER_ROOT;10167;15;10163;23;;;10173;6;10177;15;;;10170.0;0.0
yf_ZC=F_d3;44600;ASH_COATED_OSMIUM;9907;20;9905;21;;;9913;9;9917;22;;;9910.0;0.0
yf_ZC=F_d3;44600;INTARIAN_PEPPER_ROOT;10166;24;10164;35;;;10172;10;10176;19;;;10169.0;0.0
yf_ZC=F_d3;44700;ASH_COATED_OSMIUM;9899;19;9897;20;;;9922;20;9924;12;;;9910.5;0.0
yf_ZC=F_d3;44700;INTARIAN_PEPPER_ROOT;10160;16;10156;23;;;10176;10;10180;18;;;10168.0;0.0
yf_ZC=F_d3;44800;ASH_COATED_OSMIUM;9907;20;9905;22;;;9913;8;9915;19;;;9910.0;0.0
yf_ZC=F_d3;44800;INTARIAN_PEPPER_ROOT;10165;11;10163;16;;;10171;19;10175;28;;;10168.0;0.0
yf_ZC=F_d3;44900;ASH_COATED_OSMIUM;9898;7;9894;26;;;9924;22;9928;13;;;9911.0;0.0
yf_ZC=F_d3;44900;INTARIAN_PEPPER_ROOT;10164;9;10161;20;;;10170;13;10174;21;;;10167.0;0.0
yf_ZC=F_d3;45000;ASH_COATED_OSMIUM;9904;11;9901;18;;;9916;10;9920;22;;;9910.0;0.0
yf_ZC=F_d3;45000;INTARIAN_PEPPER_ROOT;10159;18;10157;24;;;10174;14;10178;13;;;10166.5;0.0
yf_ZC=F_d3;45100;ASH_COATED_OSMIUM;9907;15;9903;21;;;9913;25;9916;23;;;9910.0;0.0
yf_ZC=F_d3;45100;INTARIAN_PEPPER_ROOT;10158;17;10154;18;;;10174;16;10176;20;;;10166.0;0.0
yf_ZC=F_d3;45200;ASH_COATED_OSMIUM;9907;8;9905;11;;;9913;18;9915;14;;;9910.0;0.0
yf_ZC=F_d3;45200;INTARIAN_PEPPER_ROOT;10163;21;10160;19;;;10169;15;10172;18;;;10166.0;0.0
yf_ZC=F_d3;45300;ASH_COATED_OSMIUM;9904;22;9902;18;;;9917;7;9919;15;;;9910.5;0.0
yf_ZC=F_d3;45300;INTARIAN_PEPPER_ROOT;10162;16;10160;23;;;10168;16;10170;22;;;10165.0;0.0
yf_ZC=F_d3;45400;ASH_COATED_OSMIUM;9907;20;9903;15;;;9913;14;9916;18;;;9910.0;0.0
yf_ZC=F_d3;45400;INTARIAN_PEPPER_ROOT;10161;19;10159;24;;;10168;18;10170;13;;;10164.5;0.0
yf_ZC=F_d3;45500;ASH_COATED_OSMIUM;9907;16;9905;16;;;9913;11;9915;17;;;9910.0;0.0
yf_ZC=F_d3;45500;INTARIAN_PEPPER_ROOT;10160;6;10157;14;;;10168;12;10172;22;;;10164.0;0.0
yf_ZC=F_d3;45600;ASH_COATED_OSMIUM;9906;12;9903;21;;;9914;11;9916;20;;;9910.0;0.0
yf_ZC=F_d3;45600;INTARIAN_PEPPER_ROOT;10159;19;10155;15;;;10170;14;10174;33;;;10164.5;0.0
yf_ZC=F_d3;45700;ASH_COATED_OSMIUM;9900;16;9896;17;;;9919;22;9921;19;;;9909.5;0.0
yf_ZC=F_d3;45700;INTARIAN_PEPPER_ROOT;10160;5;10158;15;;;10166;11;10168;32;;;10163.0;0.0
yf_ZC=F_d3;45800;ASH_COATED_OSMIUM;9907;15;9904;30;;;9913;21;9915;15;;;9910.0;0.0
yf_ZC=F_d3;45800;INTARIAN_PEPPER_ROOT;10159;15;10157;19;;;10166;5;10169;23;;;10162.5;0.0
yf_ZC=F_d3;45900;ASH_COATED_OSMIUM;9894;24;9891;13;;;9926;21;9928;18;;;9910.0;0.0
yf_ZC=F_d3;45900;INTARIAN_PEPPER_ROOT;10159;15;10155;21;;;10166;13;10169;22;;;10162.5;0.0
yf_ZC=F_d3;46000;ASH_COATED_OSMIUM;9903;14;9900;11;;;9916;13;9918;22;;;9909.5;0.0
yf_ZC=F_d3;46000;INTARIAN_PEPPER_ROOT;10159;5;10156;19;;;10165;13;10168;18;;;10162.0;0.0
yf_ZC=F_d3;46100;ASH_COATED_OSMIUM;9907;14;9905;18;;;9913;13;9915;14;;;9910.0;0.0
yf_ZC=F_d3;46100;INTARIAN_PEPPER_ROOT;10158;16;10154;17;;;10164;15;10166;23;;;10161.0;0.0
yf_ZC=F_d3;46200;ASH_COATED_OSMIUM;9905;13;9901;15;;;9915;9;9919;24;;;9910.0;0.0
yf_ZC=F_d3;46200;INTARIAN_PEPPER_ROOT;10154;5;10150;23;;;10168;15;10171;13;;;10161.0;0.0
yf_ZC=F_d3;46300;ASH_COATED_OSMIUM;9907;9;9905;21;;;9913;8;9915;15;;;9910.0;0.0
yf_ZC=F_d3;46300;INTARIAN_PEPPER_ROOT;10154;19;10152;19;;;10165;18;10167;20;;;10159.5;0.0
yf_ZC=F_d3;46400;ASH_COATED_OSMIUM;9906;8;9904;18;;;9912;8;9914;22;;;9909.0;0.0
yf_ZC=F_d3;46400;INTARIAN_PEPPER_ROOT;10156;10;10154;24;;;10162;21;10165;15;;;10159.0;0.0
yf_ZC=F_d3;46500;ASH_COATED_OSMIUM;9900;14;9896;19;;;9919;14;9922;20;;;9909.5;0.0
yf_ZC=F_d3;46500;INTARIAN_PEPPER_ROOT;10152;22;10148;19;;;10165;20;10168;35;;;10158.5;0.0
yf_ZC=F_d3;46600;ASH_COATED_OSMIUM;9902;12;9898;26;;;9915;17;9918;11;;;9908.5;0.0
yf_ZC=F_d3;46600;INTARIAN_PEPPER_ROOT;10155;16;10152;26;;;10161;17;10163;20;;;10158.0;0.0
yf_ZC=F_d3;46700;ASH_COATED_OSMIUM;9906;12;9903;30;;;9912;14;9914;17;;;9909.0;0.0
yf_ZC=F_d3;46700;INTARIAN_PEPPER_ROOT;10152;27;10149;24;;;10164;21;10167;15;;;10158.0;0.0
yf_ZC=F_d3;46800;ASH_COATED_OSMIUM;9907;15;9905;22;;;9913;7;9917;15;;;9910.0;0.0
yf_ZC=F_d3;46800;INTARIAN_PEPPER_ROOT;10149;21;10146;22;;;10166;8;10169;20;;;10157.5;0.0
yf_ZC=F_d3;46900;ASH_COATED_OSMIUM;9906;20;9902;23;;;9912;16;9914;23;;;9909.0;0.0
yf_ZC=F_d3;46900;INTARIAN_PEPPER_ROOT;10152;9;10148;24;;;10161;15;10165;22;;;10156.5;0.0
yf_ZC=F_d3;47000;ASH_COATED_OSMIUM;9906;19;9904;18;;;9912;10;9915;26;;;9909.0;0.0
yf_ZC=F_d3;47000;INTARIAN_PEPPER_ROOT;10148;22;10146;19;;;10165;17;10167;13;;;10156.5;0.0
yf_ZC=F_d3;47100;ASH_COATED_OSMIUM;9906;15;9903;16;;;9912;9;9915;25;;;9909.0;0.0
yf_ZC=F_d3;47100;INTARIAN_PEPPER_ROOT;10154;24;10152;18;;;10160;18;10162;20;;;10157.0;0.0
yf_ZC=F_d3;47200;ASH_COATED_OSMIUM;9905;13;9902;15;;;9912;19;9916;26;;;9908.5;0.0
yf_ZC=F_d3;47200;INTARIAN_PEPPER_ROOT;10152;23;10149;16;;;10158;15;10161;17;;;10155.0;0.0
yf_ZC=F_d3;47300;ASH_COATED_OSMIUM;9899;23;9895;22;;;9919;5;9921;18;;;9909.0;0.0
yf_ZC=F_d3;47300;INTARIAN_PEPPER_ROOT;10150;12;10146;20;;;10160;17;10162;15;;;10155.0;0.0
yf_ZC=F_d3;47400;ASH_COATED_OSMIUM;9903;10;9901;15;;;9915;6;9917;11;;;9909.0;0.0
yf_ZC=F_d3;47400;INTARIAN_PEPPER_ROOT;10147;21;10145;23;;;10160;17;10164;22;;;10153.5;0.0
yf_ZC=F_d3;47500;ASH_COATED_OSMIUM;9906;24;9904;30;;;9912;6;9914;19;;;9909.0;0.0
yf_ZC=F_d3;47500;INTARIAN_PEPPER_ROOT;10151;10;10147;12;;;10157;14;10159;23;;;10154.0;0.0
yf_ZC=F_d3;47600;ASH_COATED_OSMIUM;9906;5;9903;25;;;9912;13;9916;22;;;9909.0;0.0
yf_ZC=F_d3;47600;INTARIAN_PEPPER_ROOT;10151;11;10149;17;;;10157;14;10160;24;;;10154.0;0.0
yf_ZC=F_d3;47700;ASH_COATED_OSMIUM;9906;21;9904;25;;;9912;16;9916;20;;;9909.0;0.0
yf_ZC=F_d3;47700;INTARIAN_PEPPER_ROOT;10149;12;10146;24;;;10155;13;10157;12;;;10152.0;0.0
yf_ZC=F_d3;47800;ASH_COATED_OSMIUM;9906;12;9902;16;;;9912;18;9916;10;;;9909.0;0.0
yf_ZC=F_d3;47800;INTARIAN_PEPPER_ROOT;10138;18;10134;15;;;10168;5;10172;14;;;10153.0;0.0
yf_ZC=F_d3;47900;ASH_COATED_OSMIUM;9906;16;9904;24;;;9912;15;9914;25;;;9909.0;0.0
yf_ZC=F_d3;47900;INTARIAN_PEPPER_ROOT;10149;16;10146;20;;;10155;18;10158;21;;;10152.0;0.0
yf_ZC=F_d3;48000;ASH_COATED_OSMIUM;9906;13;9903;18;;;9912;19;9914;20;;;9909.0;0.0
yf_ZC=F_d3;48000;INTARIAN_PEPPER_ROOT;10148;15;10146;15;;;10154;13;10158;16;;;10151.0;0.0
yf_ZC=F_d3;48100;ASH_COATED_OSMIUM;9901;5;9899;15;;;9916;15;9920;25;;;9908.5;0.0
yf_ZC=F_d3;48100;INTARIAN_PEPPER_ROOT;10145;25;10143;22;;;10157;10;10159;30;;;10151.0;0.0
yf_ZC=F_d3;48200;ASH_COATED_OSMIUM;9905;10;9901;20;;;9911;18;9915;21;;;9908.0;0.0
yf_ZC=F_d3;48200;INTARIAN_PEPPER_ROOT;10147;27;10145;24;;;10153;19;10157;22;;;10150.0;0.0
yf_ZC=F_d3;48300;ASH_COATED_OSMIUM;9906;22;9904;14;;;9912;19;9915;24;;;9909.0;0.0
yf_ZC=F_d3;48300;INTARIAN_PEPPER_ROOT;10147;13;10144;19;;;10153;7;10157;8;;;10150.0;0.0
yf_ZC=F_d3;48400;ASH_COATED_OSMIUM;9905;15;9901;12;;;9912;5;9915;23;;;9908.5;0.0
yf_ZC=F_d3;48400;INTARIAN_PEPPER_ROOT;10147;20;10144;22;;;10153;10;10157;9;;;10150.0;0.0
yf_ZC=F_d3;48500;ASH_COATED_OSMIUM;9905;10;9902;13;;;9911;11;9913;17;;;9908.0;0.0
yf_ZC=F_d3;48500;INTARIAN_PEPPER_ROOT;10145;12;10142;20;;;10152;11;10155;21;;;10148.5;0.0
yf_ZC=F_d3;48600;ASH_COATED_OSMIUM;9902;6;9900;22;;;9915;21;9919;24;;;9908.5;0.0
yf_ZC=F_d3;48600;INTARIAN_PEPPER_ROOT;10145;23;10141;21;;;10151;12;10154;17;;;10148.0;0.0
yf_ZC=F_d3;48700;ASH_COATED_OSMIUM;9904;5;9901;27;;;9912;9;9914;20;;;9908.0;0.0
yf_ZC=F_d3;48700;INTARIAN_PEPPER_ROOT;10140;22;10138;11;;;10156;12;10159;15;;;10148.0;0.0
yf_ZC=F_d3;48800;ASH_COATED_OSMIUM;9904;15;9900;19;;;9911;21;9913;16;;;9907.5;0.0
yf_ZC=F_d3;48800;INTARIAN_PEPPER_ROOT;10142;11;10139;29;;;10154;14;10156;10;;;10148.0;0.0
yf_ZC=F_d3;48900;ASH_COATED_OSMIUM;9904;13;9900;21;;;9911;19;9914;21;;;9907.5;0.0
yf_ZC=F_d3;48900;INTARIAN_PEPPER_ROOT;10144;17;10141;25;;;10150;16;10153;23;;;10147.0;0.0
yf_ZC=F_d3;49000;ASH_COATED_OSMIUM;9901;11;9898;20;;;9914;22;9916;21;;;9907.5;0.0
yf_ZC=F_d3;49000;INTARIAN_PEPPER_ROOT;10141;12;10137;14;;;10152;19;10154;16;;;10146.5;0.0
yf_ZC=F_d3;49100;ASH_COATED_OSMIUM;9905;20;9902;24;;;9911;20;9915;20;;;9908.0;0.0
yf_ZC=F_d3;49100;INTARIAN_PEPPER_ROOT;10143;10;10140;12;;;10149;19;10152;16;;;10146.0;0.0
yf_ZC=F_d3;49200;ASH_COATED_OSMIUM;9904;12;9902;17;;;9910;9;9914;20;;;9907.0;0.0
yf_ZC=F_d3;49200;INTARIAN_PEPPER_ROOT;10139;15;10137;17;;;10151;12;10154;19;;;10145.0;0.0
yf_ZC=F_d3;49300;ASH_COATED_OSMIUM;9901;10;9898;10;;;9915;11;9918;22;;;9908.0;0.0
yf_ZC=F_d3;49300;INTARIAN_PEPPER_ROOT;10136;20;10134;19;;;10153;12;10156;12;;;10144.5;0.0
yf_ZC=F_d3;49400;ASH_COATED_OSMIUM;9904;16;9902;27;;;9910;23;9913;24;;;9907.0;0.0
yf_ZC=F_d3;49400;INTARIAN_PEPPER_ROOT;10142;17;10139;22;;;10148;8;10151;29;;;10145.0;0.0
yf_ZC=F_d3;49500;ASH_COATED_OSMIUM;9905;15;9901;8;;;9912;14;9915;14;;;9908.5;0.0
yf_ZC=F_d3;49500;INTARIAN_PEPPER_ROOT;10141;20;10137;24;;;10147;12;10150;21;;;10144.0;0.0
yf_ZC=F_d3;49600;ASH_COATED_OSMIUM;9904;10;9902;18;;;9910;20;9913;18;;;9907.0;0.0
yf_ZC=F_d3;49600;INTARIAN_PEPPER_ROOT;10138;14;10135;15;;;10150;15;10153;28;;;10144.0;0.0
yf_ZC=F_d3;49700;ASH_COATED_OSMIUM;9903;14;9899;18;;;9912;17;9914;11;;;9907.5;0.0
yf_ZC=F_d3;49700;INTARIAN_PEPPER_ROOT;10140;18;10138;22;;;10146;16;10150;20;;;10143.0;0.0
yf_ZC=F_d3;49800;ASH_COATED_OSMIUM;9902;20;9898;18;;;9913;12;9915;12;;;9907.5;0.0
yf_ZC=F_d3;49800;INTARIAN_PEPPER_ROOT;10139;16;10137;19;;;10145;23;10149;17;;;10142.0;0.0
yf_ZC=F_d3;49900;ASH_COATED_OSMIUM;9897;13;9895;13;;;9919;12;9922;13;;;9908.0;0.0
yf_ZC=F_d3;49900;INTARIAN_PEPPER_ROOT;10138;15;10135;14;;;10146;18;10149;16;;;10142.0;0.0
yf_ZC=F_d3;50000;ASH_COATED_OSMIUM;9904;14;9901;18;;;9910;11;9913;25;;;9907.0;0.0
yf_ZC=F_d3;50000;INTARIAN_PEPPER_ROOT;10138;7;10136;10;;;10144;25;10147;15;;;10141.0;0.0
yf_ZC=F_d3;50100;ASH_COATED_OSMIUM;9904;7;9902;23;;;9910;14;9914;20;;;9907.0;0.0
yf_ZC=F_d3;50100;INTARIAN_PEPPER_ROOT;10133;17;10130;15;;;10151;24;10154;21;;;10142.0;0.0
yf_ZC=F_d3;50200;ASH_COATED_OSMIUM;9903;16;9900;25;;;9912;10;9916;26;;;9907.5;0.0
yf_ZC=F_d3;50200;INTARIAN_PEPPER_ROOT;10137;12;10135;8;;;10143;17;10147;23;;;10140.0;0.0
yf_ZC=F_d3;50300;ASH_COATED_OSMIUM;9904;20;9901;26;;;9910;12;9914;16;;;9907.0;0.0
yf_ZC=F_d3;50300;INTARIAN_PEPPER_ROOT;10137;16;10135;29;;;10143;23;10146;17;;;10140.0;0.0
yf_ZC=F_d3;50400;ASH_COATED_OSMIUM;9897;6;9893;22;;;9917;10;9921;15;;;9907.0;0.0
yf_ZC=F_d3;50400;INTARIAN_PEPPER_ROOT;10129;7;10126;25;;;10149;15;10151;13;;;10139.0;0.0
yf_ZC=F_d3;50500;ASH_COATED_OSMIUM;9897;9;9893;23;;;9918;12;9922;23;;;9907.5;0.0
yf_ZC=F_d3;50500;INTARIAN_PEPPER_ROOT;10135;15;10131;16;;;10144;5;10147;29;;;10139.5;0.0
yf_ZC=F_d3;50600;ASH_COATED_OSMIUM;9904;14;9901;18;;;9910;21;9914;18;;;9907.0;0.0
yf_ZC=F_d3;50600;INTARIAN_PEPPER_ROOT;10136;8;10133;25;;;10142;9;10145;17;;;10139.0;0.0
yf_ZC=F_d3;50700;ASH_COATED_OSMIUM;9904;5;9901;18;;;9910;12;9912;14;;;9907.0;0.0
yf_ZC=F_d3;50700;INTARIAN_PEPPER_ROOT;10135;15;10131;27;;;10141;23;10144;14;;;10138.0;0.0
yf_ZC=F_d3;50800;ASH_COATED_OSMIUM;9900;9;9898;20;;;9914;20;9917;12;;;9907.0;0.0
yf_ZC=F_d3;50800;INTARIAN_PEPPER_ROOT;10131;11;10128;14;;;10145;22;10148;21;;;10138.0;0.0
yf_ZC=F_d3;50900;ASH_COATED_OSMIUM;9902;11;9898;25;;;9911;22;9913;8;;;9906.5;0.0
yf_ZC=F_d3;50900;INTARIAN_PEPPER_ROOT;10135;8;10132;19;;;10141;16;10143;19;;;10138.0;0.0
yf_ZC=F_d3;51000;ASH_COATED_OSMIUM;9904;16;9902;26;;;9910;15;9914;16;;;9907.0;0.0
yf_ZC=F_d3;51000;INTARIAN_PEPPER_ROOT;10131;17;10127;21;;;10148;5;10151;12;;;10139.5;0.0
yf_ZC=F_d3;51100;ASH_COATED_OSMIUM;9905;25;9901;14;;;9911;22;9915;20;;;9908.0;0.0
yf_ZC=F_d3;51100;INTARIAN_PEPPER_ROOT;10139;14;10136;12;;;10145;19;10148;19;;;10142.0;0.0
yf_ZC=F_d3;51200;ASH_COATED_OSMIUM;9905;21;9902;12;;;9911;13;9914;11;;;9908.0;0.0
yf_ZC=F_d3;51200;INTARIAN_PEPPER_ROOT;10140;9;10136;15;;;10146;7;10150;14;;;10143.0;0.0
yf_ZC=F_d3;51300;ASH_COATED_OSMIUM;9900;13;9896;25;;;9914;12;9918;20;;;9907.0;0.0
yf_ZC=F_d3;51300;INTARIAN_PEPPER_ROOT;10114;9;10111;16;;;10176;21;10180;20;;;10145.0;0.0
yf_ZC=F_d3;51400;ASH_COATED_OSMIUM;9904;23;9901;16;;;9911;16;9915;17;;;9907.5;0.0
yf_ZC=F_d3;51400;INTARIAN_PEPPER_ROOT;10144;14;10142;19;;;10150;9;10154;25;;;10147.0;0.0
yf_ZC=F_d3;51500;ASH_COATED_OSMIUM;9899;11;9897;25;;;9916;15;9919;17;;;9907.5;0.0
yf_ZC=F_d3;51500;INTARIAN_PEPPER_ROOT;10143;17;10141;24;;;10152;17;10155;26;;;10147.5;0.0
yf_ZC=F_d3;51600;ASH_COATED_OSMIUM;9905;21;9901;22;;;9911;15;9914;18;;;9908.0;0.0
yf_ZC=F_d3;51600;INTARIAN_PEPPER_ROOT;10146;18;10143;21;;;10152;17;10155;15;;;10149.0;0.0
yf_ZC=F_d3;51700;ASH_COATED_OSMIUM;9903;13;9900;13;;;9913;14;9916;19;;;9908.0;0.0
yf_ZC=F_d3;51700;INTARIAN_PEPPER_ROOT;10148;26;10146;23;;;10154;23;10156;22;;;10151.0;0.0
yf_ZC=F_d3;51800;ASH_COATED_OSMIUM;9904;11;9901;15;;;9910;7;9913;16;;;9907.0;0.0
yf_ZC=F_d3;51800;INTARIAN_PEPPER_ROOT;10150;12;10147;10;;;10156;17;10158;26;;;10153.0;0.0
yf_ZC=F_d3;51900;ASH_COATED_OSMIUM;9902;13;9898;23;;;9915;14;9919;19;;;9908.5;0.0
yf_ZC=F_d3;51900;INTARIAN_PEPPER_ROOT;10148;13;10146;20;;;10161;14;10165;18;;;10154.5;0.0
yf_ZC=F_d3;52000;ASH_COATED_OSMIUM;9905;9;9901;16;;;9911;18;9914;20;;;9908.0;0.0
yf_ZC=F_d3;52000;INTARIAN_PEPPER_ROOT;10144;14;10140;15;;;10169;7;10172;17;;;10156.5;0.0
yf_ZC=F_d3;52100;ASH_COATED_OSMIUM;9905;5;9901;21;;;9911;11;9913;20;;;9908.0;0.0
yf_ZC=F_d3;52100;INTARIAN_PEPPER_ROOT;10155;11;10153;15;;;10161;17;10165;20;;;10158.0;0.0
yf_ZC=F_d3;52200;ASH_COATED_OSMIUM;9901;20;9898;11;;;9916;21;9919;22;;;9908.5;0.0
yf_ZC=F_d3;52200;INTARIAN_PEPPER_ROOT;10156;17;10153;11;;;10162;15;10166;21;;;10159.0;0.0
yf_ZC=F_d3;52300;ASH_COATED_OSMIUM;9902;7;9898;11;;;9916;11;9918;12;;;9909.0;0.0
yf_ZC=F_d3;52300;INTARIAN_PEPPER_ROOT;10158;14;10154;16;;;10164;8;10168;26;;;10161.0;0.0
yf_ZC=F_d3;52400;ASH_COATED_OSMIUM;9905;11;9901;24;;;9911;12;9914;13;;;9908.0;0.0
yf_ZC=F_d3;52400;INTARIAN_PEPPER_ROOT;10156;14;10152;14;;;10170;16;10174;28;;;10163.0;0.0
yf_ZC=F_d3;52500;ASH_COATED_OSMIUM;9894;11;9892;18;;;9923;19;9925;16;;;9908.5;0.0
yf_ZC=F_d3;52500;INTARIAN_PEPPER_ROOT;10161;9;10158;16;;;10167;15;10169;21;;;10164.0;0.0
yf_ZC=F_d3;52600;ASH_COATED_OSMIUM;9906;17;9904;30;;;9912;20;9915;17;;;9909.0;0.0
yf_ZC=F_d3;52600;INTARIAN_PEPPER_ROOT;10162;19;10159;27;;;10170;11;10172;21;;;10166.0;0.0
yf_ZC=F_d3;52700;ASH_COATED_OSMIUM;9906;15;9903;18;;;9912;21;9914;19;;;9909.0;0.0
yf_ZC=F_d3;52700;INTARIAN_PEPPER_ROOT;10162;13;10159;14;;;10173;10;10175;23;;;10167.5;0.0
yf_ZC=F_d3;52800;ASH_COATED_OSMIUM;9906;9;9902;20;;;9912;19;9914;19;;;9909.0;0.0
yf_ZC=F_d3;52800;INTARIAN_PEPPER_ROOT;10166;16;10164;24;;;10172;15;10175;27;;;10169.0;0.0
yf_ZC=F_d3;52900;ASH_COATED_OSMIUM;9893;11;9889;26;;;9925;18;9927;19;;;9909.0;0.0
yf_ZC=F_d3;52900;INTARIAN_PEPPER_ROOT;10167;9;10165;18;;;10173;5;10176;24;;;10170.0;0.0
yf_ZC=F_d3;53000;ASH_COATED_OSMIUM;9903;18;9900;18;;;9917;15;9920;26;;;9910.0;0.0
yf_ZC=F_d3;53000;INTARIAN_PEPPER_ROOT;10166;20;10164;12;;;10178;13;10181;20;;;10172.0;0.0
yf_ZC=F_d3;53100;ASH_COATED_OSMIUM;9906;19;9903;21;;;9913;5;9917;15;;;9909.5;0.0
yf_ZC=F_d3;53100;INTARIAN_PEPPER_ROOT;10169;8;10167;28;;;10180;15;10182;21;;;10174.5;0.0
yf_ZC=F_d3;53200;ASH_COATED_OSMIUM;9906;25;9903;23;;;9912;21;9914;15;;;9909.0;0.0
yf_ZC=F_d3;53200;INTARIAN_PEPPER_ROOT;10173;14;10169;19;;;10179;15;10181;20;;;10176.0;0.0
yf_ZC=F_d3;53300;ASH_COATED_OSMIUM;9906;17;9904;20;;;9912;5;9916;21;;;9909.0;0.0
yf_ZC=F_d3;53300;INTARIAN_PEPPER_ROOT;10174;18;10172;24;;;10180;15;10182;20;;;10177.0;0.0
yf_ZC=F_d3;53400;ASH_COATED_OSMIUM;9906;12;9903;21;;;9913;22;9917;23;;;9909.5;0.0
yf_ZC=F_d3;53400;INTARIAN_PEPPER_ROOT;10167;21;10164;21;;;10189;17;10191;12;;;10178.0;0.0
yf_ZC=F_d3;53500;ASH_COATED_OSMIUM;9902;30;9899;20;;;9916;9;9919;18;;;9909.0;0.0
yf_ZC=F_d3;53500;INTARIAN_PEPPER_ROOT;10172;20;10168;26;;;10189;18;10193;20;;;10180.5;0.0
yf_ZC=F_d3;53600;ASH_COATED_OSMIUM;9907;5;9903;22;;;9913;9;9917;28;;;9910.0;0.0
yf_ZC=F_d3;53600;INTARIAN_PEPPER_ROOT;10177;9;10174;35;;;10186;10;10189;34;;;10181.5;0.0
yf_ZC=F_d3;53700;ASH_COATED_OSMIUM;9906;15;9902;10;;;9913;12;9916;23;;;9909.5;0.0
yf_ZC=F_d3;53700;INTARIAN_PEPPER_ROOT;10181;17;10177;21;;;10187;16;10190;14;;;10184.0;0.0
yf_ZC=F_d3;53800;ASH_COATED_OSMIUM;9907;11;9905;19;;;9913;19;9917;22;;;9910.0;0.0
yf_ZC=F_d3;53800;INTARIAN_PEPPER_ROOT;10182;17;10180;22;;;10190;8;10192;29;;;10186.0;0.0
yf_ZC=F_d3;53900;ASH_COATED_OSMIUM;9907;13;9903;23;;;9913;25;9917;10;;;9910.0;0.0
yf_ZC=F_d3;53900;INTARIAN_PEPPER_ROOT;10183;11;10180;11;;;10189;17;10191;21;;;10186.0;0.0
yf_ZC=F_d3;54000;ASH_COATED_OSMIUM;9907;17;9905;15;;;9913;18;9916;8;;;9910.0;0.0
yf_ZC=F_d3;54000;INTARIAN_PEPPER_ROOT;10186;13;10183;24;;;10192;11;10194;22;;;10189.0;0.0
yf_ZC=F_d3;54100;ASH_COATED_OSMIUM;9892;13;9888;21;;;9928;10;9930;23;;;9910.0;0.0
yf_ZC=F_d3;54100;INTARIAN_PEPPER_ROOT;10188;9;10184;19;;;10194;21;10198;15;;;10191.0;0.0
yf_ZC=F_d3;54200;ASH_COATED_OSMIUM;9907;17;9904;19;;;9913;14;9915;13;;;9910.0;0.0
yf_ZC=F_d3;54200;INTARIAN_PEPPER_ROOT;10189;21;10186;24;;;10195;11;10198;19;;;10192.0;0.0
yf_ZC=F_d3;54300;ASH_COATED_OSMIUM;9902;14;9898;19;;;9916;15;9920;19;;;9909.0;0.0
yf_ZC=F_d3;54300;INTARIAN_PEPPER_ROOT;10191;19;10187;24;;;10197;7;10201;17;;;10194.0;0.0
yf_ZC=F_d3;54400;ASH_COATED_OSMIUM;9907;11;9904;18;;;9913;11;9916;11;;;9910.0;0.0
yf_ZC=F_d3;54400;INTARIAN_PEPPER_ROOT;10186;14;10184;17;;;10204;6;10207;13;;;10195.0;0.0
yf_ZC=F_d3;54500;ASH_COATED_OSMIUM;9907;5;9904;25;;;9913;18;9917;22;;;9910.0;0.0
yf_ZC=F_d3;54500;INTARIAN_PEPPER_ROOT;10194;8;10192;18;;;10200;13;10202;16;;;10197.0;0.0
yf_ZC=F_d3;54600;ASH_COATED_OSMIUM;9897;17;9893;17;;;9924;15;9926;27;;;9910.5;0.0
yf_ZC=F_d3;54600;INTARIAN_PEPPER_ROOT;10196;17;10193;35;;;10202;12;10205;19;;;10199.0;0.0
yf_ZC=F_d3;54700;ASH_COATED_OSMIUM;9896;18;9892;23;;;9925;14;9929;21;;;9910.5;0.0
yf_ZC=F_d3;54700;INTARIAN_PEPPER_ROOT;10198;14;10195;11;;;10204;16;10206;25;;;10201.0;0.0
yf_ZC=F_d3;54800;ASH_COATED_OSMIUM;9908;18;9906;21;;;9914;24;9916;11;;;9911.0;0.0
yf_ZC=F_d3;54800;INTARIAN_PEPPER_ROOT;10199;14;10195;11;;;10205;17;10209;20;;;10202.0;0.0
yf_ZC=F_d3;54900;ASH_COATED_OSMIUM;9908;12;9905;16;;;9914;18;9918;25;;;9911.0;0.0
yf_ZC=F_d3;54900;INTARIAN_PEPPER_ROOT;10201;19;10197;12;;;10207;21;10211;19;;;10204.0;0.0
yf_ZC=F_d3;55000;ASH_COATED_OSMIUM;9906;12;9904;28;;;9917;12;9921;16;;;9911.5;0.0
yf_ZC=F_d3;55000;INTARIAN_PEPPER_ROOT;10202;22;10198;24;;;10209;25;10212;12;;;10205.5;0.0
yf_ZC=F_d3;55100;ASH_COATED_OSMIUM;9908;13;9906;25;;;9914;8;9917;21;;;9911.0;0.0
yf_ZC=F_d3;55100;INTARIAN_PEPPER_ROOT;10199;14;10196;16;;;10213;24;10215;16;;;10206.0;0.0
yf_ZC=F_d3;55200;ASH_COATED_OSMIUM;9908;13;9904;9;;;9914;15;9916;27;;;9911.0;0.0
yf_ZC=F_d3;55200;INTARIAN_PEPPER_ROOT;10205;11;10201;21;;;10211;16;10215;19;;;10208.0;0.0
yf_ZC=F_d3;55300;ASH_COATED_OSMIUM;9908;11;9905;32;;;9914;14;9916;13;;;9911.0;0.0
yf_ZC=F_d3;55300;INTARIAN_PEPPER_ROOT;10207;23;10203;22;;;10213;20;10217;20;;;10210.0;0.0
yf_ZC=F_d3;55400;ASH_COATED_OSMIUM;9908;18;9905;14;;;9916;9;9918;20;;;9912.0;0.0
yf_ZC=F_d3;55400;INTARIAN_PEPPER_ROOT;10206;12;10204;16;;;10216;8;10218;10;;;10211.0;0.0
yf_ZC=F_d3;55500;ASH_COATED_OSMIUM;9903;12;9901;19;;;9921;16;9925;19;;;9912.0;0.0
yf_ZC=F_d3;55500;INTARIAN_PEPPER_ROOT;10210;16;10208;29;;;10216;13;10219;18;;;10213.0;0.0
yf_ZC=F_d3;55600;ASH_COATED_OSMIUM;9909;14;9906;19;;;9915;24;9919;21;;;9912.0;0.0
yf_ZC=F_d3;55600;INTARIAN_PEPPER_ROOT;10212;17;10210;18;;;10218;8;10220;19;;;10215.0;0.0
yf_ZC=F_d3;55700;ASH_COATED_OSMIUM;9908;22;9906;19;;;9914;17;9916;17;;;9911.0;0.0
yf_ZC=F_d3;55700;INTARIAN_PEPPER_ROOT;10212;14;10208;24;;;10220;18;10222;22;;;10216.0;0.0
yf_ZC=F_d3;55800;ASH_COATED_OSMIUM;9908;14;9905;19;;;9914;14;9917;23;;;9911.0;0.0
yf_ZC=F_d3;55800;INTARIAN_PEPPER_ROOT;10215;11;10213;23;;;10222;17;10224;30;;;10218.5;0.0
yf_ZC=F_d3;55900;ASH_COATED_OSMIUM;9905;18;9903;19;;;9918;12;9921;12;;;9911.5;0.0
yf_ZC=F_d3;55900;INTARIAN_PEPPER_ROOT;10215;15;10213;17;;;10224;9;10227;17;;;10219.5;0.0
yf_ZC=F_d3;56000;ASH_COATED_OSMIUM;9909;13;9907;24;;;9915;15;9918;28;;;9912.0;0.0
yf_ZC=F_d3;56000;INTARIAN_PEPPER_ROOT;10218;13;10216;18;;;10224;16;10227;12;;;10221.0;0.0
yf_ZC=F_d3;56100;ASH_COATED_OSMIUM;9901;20;9898;12;;;9923;29;9926;16;;;9912.0;0.0
yf_ZC=F_d3;56100;INTARIAN_PEPPER_ROOT;10220;26;10218;25;;;10226;13;10228;15;;;10223.0;0.0
yf_ZC=F_d3;56200;ASH_COATED_OSMIUM;9909;11;9907;25;;;9915;13;9917;22;;;9912.0;0.0
yf_ZC=F_d3;56200;INTARIAN_PEPPER_ROOT;10221;22;10218;16;;;10227;20;10231;26;;;10224.0;0.0
yf_ZC=F_d3;56300;ASH_COATED_OSMIUM;9902;13;9898;10;;;9922;11;9925;25;;;9912.0;0.0
yf_ZC=F_d3;56300;INTARIAN_PEPPER_ROOT;10223;15;10220;21;;;10229;16;10233;13;;;10226.0;0.0
yf_ZC=F_d3;56400;ASH_COATED_OSMIUM;9909;11;9906;24;;;9915;21;9918;26;;;9912.0;0.0
yf_ZC=F_d3;56400;INTARIAN_PEPPER_ROOT;10225;14;10221;21;;;10231;14;10235;19;;;10228.0;0.0
yf_ZC=F_d3;56500;ASH_COATED_OSMIUM;9910;11;9908;19;;;9916;12;9919;17;;;9913.0;0.0
yf_ZC=F_d3;56500;INTARIAN_PEPPER_ROOT;10226;16;10223;28;;;10233;13;10237;21;;;10229.5;0.0
yf_ZC=F_d3;56600;ASH_COATED_OSMIUM;9908;5;9906;11;;;9918;20;9920;16;;;9913.0;0.0
yf_ZC=F_d3;56600;INTARIAN_PEPPER_ROOT;10228;12;10224;22;;;10234;11;10238;16;;;10231.0;0.0
yf_ZC=F_d3;56700;ASH_COATED_OSMIUM;9910;13;9906;22;;;9916;15;9918;15;;;9913.0;0.0
yf_ZC=F_d3;56700;INTARIAN_PEPPER_ROOT;10230;23;10226;21;;;10236;14;10238;20;;;10233.0;0.0
yf_ZC=F_d3;56800;ASH_COATED_OSMIUM;9910;13;9908;24;;;9916;10;9918;14;;;9913.0;0.0
yf_ZC=F_d3;56800;INTARIAN_PEPPER_ROOT;10231;13;10228;21;;;10237;18;10240;20;;;10234.0;0.0
yf_ZC=F_d3;56900;ASH_COATED_OSMIUM;9910;12;9908;29;;;9916;12;9919;20;;;9913.0;0.0
yf_ZC=F_d3;56900;INTARIAN_PEPPER_ROOT;10233;12;10231;18;;;10239;14;10241;26;;;10236.0;0.0
yf_ZC=F_d3;57000;ASH_COATED_OSMIUM;9910;21;9907;22;;;9916;16;9920;19;;;9913.0;0.0
yf_ZC=F_d3;57000;INTARIAN_PEPPER_ROOT;10219;18;10216;19;;;10256;11;10258;26;;;10237.5;0.0
yf_ZC=F_d3;57100;ASH_COATED_OSMIUM;9910;15;9908;19;;;9916;8;9919;21;;;9913.0;0.0
yf_ZC=F_d3;57100;INTARIAN_PEPPER_ROOT;10236;7;10234;24;;;10243;16;10246;18;;;10239.5;0.0
yf_ZC=F_d3;57200;ASH_COATED_OSMIUM;9910;13;9907;22;;;9916;17;9919;25;;;9913.0;0.0
yf_ZC=F_d3;57200;INTARIAN_PEPPER_ROOT;10237;10;10234;18;;;10244;14;10248;17;;;10240.5;0.0
yf_ZC=F_d3;57300;ASH_COATED_OSMIUM;9910;19;9908;12;;;9916;13;9918;17;;;9913.0;0.0
yf_ZC=F_d3;57300;INTARIAN_PEPPER_ROOT;10234;23;10231;23;;;10253;7;10255;14;;;10243.5;0.0
yf_ZC=F_d3;57400;ASH_COATED_OSMIUM;9910;14;9907;20;;;9916;12;9918;13;;;9913.0;0.0
yf_ZC=F_d3;57400;INTARIAN_PEPPER_ROOT;10241;13;10238;21;;;10247;18;10249;12;;;10244.0;0.0
yf_ZC=F_d3;57500;ASH_COATED_OSMIUM;9910;26;9908;17;;;9917;15;9921;27;;;9913.5;0.0
yf_ZC=F_d3;57500;INTARIAN_PEPPER_ROOT;10241;5;10239;23;;;10252;14;10254;19;;;10246.5;0.0
yf_ZC=F_d3;57600;ASH_COATED_OSMIUM;9911;15;9909;16;;;9917;12;9919;30;;;9914.0;0.0
yf_ZC=F_d3;57600;INTARIAN_PEPPER_ROOT;10240;14;10238;19;;;10255;21;10258;17;;;10247.5;0.0
yf_ZC=F_d3;57700;ASH_COATED_OSMIUM;9910;14;9907;17;;;9916;22;9918;12;;;9913.0;0.0
yf_ZC=F_d3;57700;INTARIAN_PEPPER_ROOT;10246;25;10242;19;;;10252;22;10256;22;;;10249.0;0.0
yf_ZC=F_d3;57800;ASH_COATED_OSMIUM;9911;22;9907;19;;;9917;20;9919;26;;;9914.0;0.0
yf_ZC=F_d3;57800;INTARIAN_PEPPER_ROOT;10245;20;10241;23;;;10256;11;10259;19;;;10250.5;0.0
yf_ZC=F_d3;57900;ASH_COATED_OSMIUM;9910;10;9908;32;;;9916;5;9919;17;;;9913.0;0.0
yf_ZC=F_d3;57900;INTARIAN_PEPPER_ROOT;10248;13;10245;17;;;10256;9;10259;15;;;10252.0;0.0
yf_ZC=F_d3;58000;ASH_COATED_OSMIUM;9902;14;9899;20;;;9926;25;9929;15;;;9914.0;0.0
yf_ZC=F_d3;58000;INTARIAN_PEPPER_ROOT;10251;18;10248;26;;;10257;12;10261;32;;;10254.0;0.0
yf_ZC=F_d3;58100;ASH_COATED_OSMIUM;9905;11;9903;17;;;9922;11;9926;18;;;9913.5;0.0
yf_ZC=F_d3;58100;INTARIAN_PEPPER_ROOT;10253;18;10251;16;;;10259;15;10262;18;;;10256.0;0.0
yf_ZC=F_d3;58200;ASH_COATED_OSMIUM;9911;17;9908;23;;;9917;9;9921;13;;;9914.0;0.0
yf_ZC=F_d3;58200;INTARIAN_PEPPER_ROOT;10254;21;10251;27;;;10260;17;10264;24;;;10257.0;0.0
yf_ZC=F_d3;58300;ASH_COATED_OSMIUM;9910;14;9908;18;;;9919;20;9923;22;;;9914.5;0.0
