day;timestamp;product;bid_price_1;bid_volume_1;bid_price_2;bid_volume_2;bid_price_3;bid_volume_3;ask_price_1;ask_volume_1;ask_price_2;ask_volume_2;ask_price_3;ask_volume_3;mid_price;profit_and_loss
2;0;VEV_5200;102;21;0;0;0;0;106;21;0;0;0;0;104.0;0.0
2;0;VEV_5300;52;20;0;0;0;0;54;20;0;0;0;0;53.0;0.0
2;0;VEV_5000;267;7;266;14;0;0;273;7;274;14;0;0;270.0;0.0
2;0;VEV_4000;1257;15;1254;27;0;0;1278;15;1280;27;0;0;1267.5;0.0
2;0;VEV_5100;177;7;176;14;0;0;181;7;182;14;0;0;179.0;0.0
2;0;VEV_4500;759;7;757;14;0;0;775;7;777;14;0;0;767.0;0.0
2;0;VEV_5400;16;20;0;0;0;0;18;20;0;0;0;0;17.0;0.0
2;0;VEV_6500;0;18;0;0;0;0;1;18;0;0;0;0;0.5;0.0
2;0;VEV_5500;6;20;0;0;0;0;7;20;0;0;0;0;6.5;0.0
2;0;HYDROGEL_PACK;10003;13;10001;21;0;0;10019;13;10022;21;0;0;10011.0;0.0
2;0;VELVETFRUIT_EXTRACT;5265;25;5264;35;0;0;5270;60;0;0;0;0;5267.5;0.0
2;0;VEV_6000;0;20;0;0;0;0;1;20;0;0;0;0;0.5;0.0
2;100;VEV_4500;757;10;756;14;0;0;774;10;776;14;0;0;765.5;0.0
2;100;VEV_5400;16;25;0;0;0;0;18;25;0;0;0;0;17.0;0.0
2;100;VEV_6500;0;17;0;0;0;0;1;17;0;0;0;0;0.5;0.0
2;100;VEV_5500;6;25;0;0;0;0;7;25;0;0;0;0;6.5;0.0
2;100;VELVETFRUIT_EXTRACT;5263;69;0;0;0;0;5268;22;5269;47;0;0;5265.5;0.0
2;100;VEV_6000;0;25;0;0;0;0;1;25;0;0;0;0;0.5;0.0
2;100;VEV_5200;101;24;0;0;0;0;105;24;0;0;0;0;103.0;0.0
2;100;VEV_5300;51;25;0;0;0;0;53;6;54;19;0;0;52.0;0.0
2;100;VEV_5000;265;24;0;0;0;0;272;24;0;0;0;0;268.5;0.0
2;100;HYDROGEL_PACK;10004;15;10001;26;0;0;10020;15;10023;26;0;0;10012.0;0.0
2;100;VEV_4000;1255;12;1252;20;0;0;1276;12;1279;20;0;0;1265.5;0.0
2;100;VEV_5100;175;24;0;0;0;0;180;24;0;0;0;0;177.5;0.0
2;200;HYDROGEL_PACK;10004;15;10002;30;0;0;10020;15;10023;30;0;0;10012.0;0.0
2;200;VELVETFRUIT_EXTRACT;5263;67;0;0;0;0;5268;22;5269;45;0;0;5265.5;0.0
2;200;VEV_6000;0;19;0;0;0;0;1;19;0;0;0;0;0.5;0.0
2;200;VEV_5200;102;8;101;15;0;0;105;23;0;0;0;0;103.5;0.0
2;200;VEV_5300;51;19;0;0;0;0;53;6;54;13;0;0;52.0;0.0
2;200;VEV_5000;266;8;265;15;0;0;272;8;273;15;0;0;269.0;0.0
2;200;VEV_4000;1255;10;1253;20;0;0;1276;10;1279;20;0;0;1265.5;0.0
2;200;VEV_5100;175;23;0;0;0;0;180;23;0;0;0;0;177.5;0.0
2;200;VEV_4500;758;8;756;15;0;0;774;8;776;15;0;0;766.0;0.0
2;200;VEV_5400;16;19;0;0;0;0;18;19;0;0;0;0;17.0;0.0
2;200;VEV_6500;0;18;0;0;0;0;1;18;0;0;0;0;0.5;0.0
2;200;VEV_5500;6;19;0;0;0;0;7;19;0;0;0;0;6.5;0.0
2;300;VEV_6000;0;25;0;0;0;0;1;25;0;0;0;0;0.5;0.0
2;300;VEV_5200;102;26;0;0;0;0;105;26;0;0;0;0;103.5;0.0
2;300;VEV_5300;51;25;0;0;0;0;54;25;0;0;0;0;52.5;0.0
2;300;VEV_5000;266;9;265;17;0;0;272;9;273;17;0;0;269.0;0.0
2;300;HYDROGEL_PACK;10005;12;10002;27;0;0;10021;12;10023;27;0;0;10013.0;0.0
2;300;VEV_4000;1256;10;1253;18;0;0;1277;10;1279;18;0;0;1266.5;0.0
2;300;VEV_5100;176;9;175;17;0;0;180;9;181;17;0;0;178.0;0.0
2;300;VEV_4500;758;9;756;17;0;0;774;9;776;17;0;0;766.0;0.0
2;300;VEV_5400;16;25;0;0;0;0;18;25;0;0;0;0;17.0;0.0
2;300;VEV_6500;0;13;0;0;0;0;1;13;0;0;0;0;0.5;0.0
2;300;VEV_5500;6;25;0;0;0;0;7;25;0;0;0;0;6.5;0.0
2;300;VELVETFRUIT_EXTRACT;5264;23;5263;44;0;0;5269;67;0;0;0;0;5266.5;0.0
2;400;VEV_5300;51;26;0;0;0;0;53;26;0;0;0;0;52.0;0.0
2;400;VEV_5200;101;22;0;0;0;0;104;22;0;0;0;0;102.5;0.0
2;400;VEV_5000;265;8;264;14;0;0;271;8;272;14;0;0;268.0;0.0
2;400;VEV_4000;1254;8;1252;30;0;0;1275;8;1278;30;0;0;1264.5;0.0
2;400;VEV_5100;175;8;174;14;0;0;179;22;0;0;0;0;177.0;0.0
2;400;VEV_4500;757;8;755;14;0;0;773;8;775;14;0;0;765.0;0.0
2;400;VEV_5500;6;26;0;0;0;0;7;26;0;0;0;0;6.5;0.0
2;400;VEV_5400;16;26;0;0;0;0;17;26;0;0;0;0;16.5;0.0
2;400;VEV_6500;0;20;0;0;0;0;1;20;0;0;0;0;0.5;0.0
2;400;HYDROGEL_PACK;10011;8;10003;12;10001;25;10019;12;10022;25;0;0;10015.0;0.0
2;400;VELVETFRUIT_EXTRACT;5262;53;0;0;0;0;5267;15;5268;38;0;0;5264.5;0.0
2;400;VEV_6000;0;26;0;0;0;0;1;26;0;0;0;0;0.5;0.0
2;500;VEV_4500;755;7;753;16;0;0;771;7;773;16;0;0;763.0;0.0
2;500;VEV_5500;6;19;0;0;0;0;7;19;0;0;0;0;6.5;0.0
2;500;VEV_5400;16;19;0;0;0;0;17;19;0;0;0;0;16.5;0.0
2;500;VEV_6500;0;17;0;0;0;0;1;17;0;0;0;0;0.5;0.0
2;500;VELVETFRUIT_EXTRACT;5261;19;5260;37;0;0;5266;56;0;0;0;0;5263.5;0.0
2;500;VEV_6000;0;19;0;0;0;0;1;19;0;0;0;0;0.5;0.0
2;500;VEV_5300;50;19;0;0;0;0;52;5;53;14;0;0;51.0;0.0
2;500;VEV_5200;100;23;0;0;0;0;103;23;0;0;0;0;101.5;0.0
2;500;VEV_5100;173;23;0;0;0;0;178;23;0;0;0;0;175.5;0.0
2;500;HYDROGEL_PACK;10002;11;9999;22;0;0;10018;11;10020;22;0;0;10010.0;0.0
2;500;VEV_4000;1253;9;1250;20;0;0;1274;9;1276;20;0;0;1263.5;0.0
2;500;VEV_5000;263;7;262;16;0;0;269;7;270;16;0;0;266.0;0.0
2;600;HYDROGEL_PACK;10002;13;9999;25;0;0;10018;13;10020;25;0;0;10010.0;0.0
2;600;VELVETFRUIT_EXTRACT;5259;66;0;0;0;0;5265;66;0;0;0;0;5262.0;0.0
2;600;VEV_6000;0;29;0;0;0;0;1;24;0;0;0;0;0.5;0.0
2;600;VEV_5300;50;15;49;14;0;0;52;24;0;0;0;0;51.0;0.0
2;600;VEV_5200;100;5;99;23;0;0;102;23;0;0;0;0;101.0;0.0
2;600;VEV_5100;174;5;172;23;0;0;177;23;0;0;0;0;175.5;0.0
2;600;VEV_4000;1261;5;1251;9;1249;23;1273;9;1275;23;0;0;1267.0;0.0
2;600;VEV_5000;265;5;262;9;261;14;268;9;269;14;0;0;266.5;0.0
2;600;VEV_4500;761;5;754;9;752;14;770;9;772;14;0;0;765.5;0.0
2;600;VEV_5500;6;29;0;0;0;0;7;24;0;0;0;0;6.5;0.0
2;600;VEV_5400;16;5;15;24;0;0;17;24;0;0;0;0;16.5;0.0
2;600;VEV_6500;0;15;0;0;0;0;1;10;0;0;0;0;0.5;0.0
2;700;VEV_6000;0;18;0;0;0;0;1;18;0;0;0;0;0.5;0.0
2;700;VEV_5300;50;18;0;0;0;0;52;18;0;0;0;0;51.0;0.0
2;700;VEV_5200;99;22;0;0;0;0;102;7;103;15;0;0;100.5;0.0
2;700;VEV_5100;173;7;172;15;0;0;177;7;178;15;0;0;175.0;0.0
2;700;HYDROGEL_PACK;10003;11;10001;23;0;0;10019;11;10022;23;0;0;10011.0;0.0
2;700;VEV_4000;1252;11;1249;18;0;0;1273;11;1276;18;0;0;1262.5;0.0
2;700;VEV_5000;262;22;0;0;0;0;269;22;0;0;0;0;265.5;0.0
2;700;VEV_4500;754;7;753;15;0;0;771;7;773;15;0;0;762.5;0.0
2;700;VEV_5500;6;18;0;0;0;0;7;18;0;0;0;0;6.5;0.0
2;700;VEV_5400;16;18;0;0;0;0;17;18;0;0;0;0;16.5;0.0
2;700;VEV_6500;0;11;0;0;0;0;1;11;0;0;0;0;0.5;0.0
2;700;VELVETFRUIT_EXTRACT;5260;24;5259;44;0;0;5265;24;5266;44;0;0;5262.5;0.0
2;800;VEV_5300;50;20;0;0;0;0;52;20;0;0;0;0;51.0;0.0
2;800;VEV_5200;100;9;99;13;0;0;103;22;0;0;0;0;101.5;0.0
2;800;VEV_5100;173;9;172;13;0;0;177;9;178;13;0;0;175.0;0.0
2;800;VEV_4000;1252;8;1250;28;0;0;1273;8;1276;28;0;0;1262.5;0.0
2;800;VEV_5000;263;9;262;13;0;0;269;9;270;13;0;0;266.0;0.0
2;800;VEV_4500;755;9;753;13;0;0;771;9;773;13;0;0;763.0;0.0
2;800;VEV_5500;6;20;0;0;0;0;7;20;0;0;0;0;6.5;0.0
2;800;VEV_5400;16;20;0;0;0;0;17;20;0;0;0;0;16.5;0.0
2;800;VEV_6500;0;17;0;0;0;0;1;17;0;0;0;0;0.5;0.0
2;800;HYDROGEL_PACK;10005;12;10003;27;0;0;10021;12;10024;27;0;0;10013.0;0.0
2;800;VELVETFRUIT_EXTRACT;5260;52;0;0;0;0;5265;20;5266;32;0;0;5262.5;0.0
2;800;VEV_6000;0;20;0;0;0;0;1;20;0;0;0;0;0.5;0.0
2;900;VEV_4500;755;6;753;19;0;0;771;6;773;19;0;0;763.0;0.0
2;900;VEV_5500;6;24;0;0;0;0;7;24;0;0;0;0;6.5;0.0
2;900;VEV_5400;16;24;0;0;0;0;17;24;0;0;0;0;16.5;0.0
2;900;VEV_6500;0;12;0;0;0;0;1;12;0;0;0;0;0.5;0.0
2;900;VELVETFRUIT_EXTRACT;5260;66;0;0;0;0;5262;8;5265;25;5266;41;5261.0;0.0
2;900;VEV_6000;0;24;0;0;0;0;1;24;0;0;0;0;0.5;0.0
2;900;VEV_5300;50;24;0;0;0;0;52;24;0;0;0;0;51.0;0.0
2;900;VEV_5200;100;6;99;19;0;0;103;25;0;0;0;0;101.5;0.0
2;900;HYDROGEL_PACK;10009;12;10006;21;0;0;10025;12;10027;21;0;0;10017.0;0.0
2;900;VEV_5100;173;6;172;19;0;0;177;6;178;19;0;0;175.0;0.0
2;900;VEV_4000;1252;11;1250;24;0;0;1273;11;1276;24;0;0;1262.5;0.0
2;900;VEV_5000;263;6;262;19;0;0;269;6;270;19;0;0;266.0;0.0
2;1000;HYDROGEL_PACK;10012;14;10010;28;0;0;10028;14;10031;28;0;0;10020.0;0.0
2;1000;VELVETFRUIT_EXTRACT;5260;69;0;0;0;0;5265;21;5266;48;0;0;5262.5;0.0
2;1000;VEV_6000;0;26;0;0;0;0;1;26;0;0;0;0;0.5;0.0
2;1000;VEV_6500;0;19;0;0;0;0;1;19;0;0;0;0;0.5;0.0
2;1000;VEV_5300;50;26;0;0;0;0;52;26;0;0;0;0;51.0;0.0
2;1000;VEV_5200;100;12;99;12;0;0;103;24;0;0;0;0;101.5;0.0
2;1000;VEV_4000;1252;12;1250;30;0;0;1273;12;1276;30;0;0;1262.5;0.0
2;1000;VEV_5100;173;12;172;12;0;0;177;12;178;12;0;0;175.0;0.0
2;1000;VEV_5000;263;12;262;12;0;0;269;12;270;12;0;0;266.0;0.0
2;1000;VEV_4500;755;12;753;12;0;0;771;12;773;12;0;0;763.0;0.0
2;1000;VEV_5500;6;26;0;0;0;0;7;26;0;0;0;0;6.5;0.0
2;1000;VEV_5400;16;26;0;0;0;0;17;26;0;0;0;0;16.5;0.0
2;1100;VEV_5300;50;29;0;0;0;0;53;29;0;0;0;0;51.5;0.0
2;1100;VEV_5200;100;23;0;0;0;0;103;23;0;0;0;0;101.5;0.0
2;1100;HYDROGEL_PACK;10011;13;10009;28;0;0;10027;13;10030;28;0;0;10019.0;0.0
2;1100;VEV_4000;1253;9;1251;27;0;0;1274;9;1277;27;0;0;1263.5;0.0
2;1100;VEV_5100;174;8;173;15;0;0;178;8;179;15;0;0;176.0;0.0
2;1100;VEV_5000;264;8;263;15;0;0;270;8;271;15;0;0;267.0;0.0
2;1100;VEV_6000;0;29;0;0;0;0;1;29;0;0;0;0;0.5;0.0
2;1100;VEV_4500;756;8;754;15;0;0;772;8;774;15;0;0;764.0;0.0
2;1100;VEV_5500;6;29;0;0;0;0;7;29;0;0;0;0;6.5;0.0
2;1100;VEV_5400;16;29;0;0;0;0;17;29;0;0;0;0;16.5;0.0
2;1100;VEV_6500;0;14;0;0;0;0;1;14;0;0;0;0;0.5;0.0
2;1100;VELVETFRUIT_EXTRACT;5261;60;0;0;0;0;5266;24;5267;36;0;0;5263.5;0.0
2;1200;VEV_6500;0;14;0;0;0;0;1;14;0;0;0;0;0.5;0.0
2;1200;VEV_5300;50;21;0;0;0;0;52;21;0;0;0;0;51.0;0.0
2;1200;VEV_5200;99;24;0;0;0;0;102;8;103;16;0;0;100.5;0.0
2;1200;VEV_4000;1252;15;1249;20;0;0;1273;15;1275;20;0;0;1262.5;0.0
2;1200;VEV_5100;172;24;0;0;0;0;177;24;0;0;0;0;174.5;0.0
2;1200;VEV_5000;262;24;0;0;0;0;269;24;0;0;0;0;265.5;0.0
2;1200;VEV_4500;754;8;752;16;0;0;770;8;772;16;0;0;762.0;0.0
2;1200;VEV_5500;6;21;0;0;0;0;7;21;0;0;0;0;6.5;0.0
2;1200;VEV_5400;16;21;0;0;0;0;17;21;0;0;0;0;16.5;0.0
2;1200;HYDROGEL_PACK;10013;12;10010;28;0;0;10029;12;10031;28;0;0;10021.0;0.0
2;1200;VELVETFRUIT_EXTRACT;5260;22;5259;36;0;0;5265;58;0;0;0;0;5262.5;0.0
2;1200;VEV_6000;0;21;0;0;0;0;1;21;0;0;0;0;0.5;0.0
2;1300;VEV_4500;754;6;752;15;0;0;770;6;772;15;0;0;762.0;0.0
2;1300;VEV_5500;6;16;0;0;0;0;7;16;0;0;0;0;6.5;0.0
2;1300;VEV_5400;16;16;0;0;0;0;17;16;0;0;0;0;16.5;0.0
2;1300;VEV_6500;0;13;0;0;0;0;1;13;0;0;0;0;0.5;0.0
2;1300;VELVETFRUIT_EXTRACT;5259;51;0;0;0;0;5265;51;0;0;0;0;5262.0;0.0
2;1300;VEV_5300;50;6;49;10;0;0;52;16;0;0;0;0;51.0;0.0
2;1300;VEV_5200;99;21;0;0;0;0;102;21;0;0;0;0;100.5;0.0
2;1300;HYDROGEL_PACK;10013;13;10010;23;0;0;10029;13;10032;23;0;0;10021.0;0.0
2;1300;VEV_4000;1251;13;1249;17;0;0;1273;13;1275;17;0;0;1262.0;0.0
2;1300;VEV_5100;172;21;0;0;0;0;177;21;0;0;0;0;174.5;0.0
2;1300;VEV_5000;262;6;261;15;0;0;268;6;269;15;0;0;265.0;0.0
2;1300;VEV_6000;0;16;0;0;0;0;1;16;0;0;0;0;0.5;0.0
2;1400;HYDROGEL_PACK;10015;10;10012;24;0;0;10031;10;10033;24;0;0;10023.0;0.0
2;1400;VELVETFRUIT_EXTRACT;5261;50;0;0;0;0;5267;50;0;0;0;0;5264.0;0.0
2;1400;VEV_6000;0;21;0;0;0;0;1;21;0;0;0;0;0.5;0.0
2;1400;VEV_6500;0;11;0;0;0;0;1;11;0;0;0;0;0.5;0.0
2;1400;VEV_5300;50;21;0;0;0;0;53;21;0;0;0;0;51.5;0.0
2;1400;VEV_5200;100;26;0;0;0;0;103;12;104;14;0;0;101.5;0.0
2;1400;VEV_4000;1253;8;1251;23;0;0;1275;8;1277;23;0;0;1264.0;0.0
2;1400;VEV_5100;174;12;173;14;0;0;178;12;179;14;0;0;176.0;0.0
2;1400;VEV_5000;264;12;263;14;0;0;270;12;271;14;0;0;267.0;0.0
2;1400;VEV_4500;756;12;754;14;0;0;772;12;774;14;0;0;764.0;0.0
2;1400;VEV_5500;6;21;0;0;0;0;7;21;0;0;0;0;6.5;0.0
2;1400;VEV_5400;16;21;0;0;0;0;17;21;0;0;0;0;16.5;0.0
2;1500;VEV_5300;51;25;0;0;0;0;53;25;0;0;0;0;52.0;0.0
2;1500;VEV_5200;101;33;0;0;0;0;104;33;0;0;0;0;102.5;0.0
2;1500;HYDROGEL_PACK;10017;12;10014;29;0;0;10024;4;10033;12;10035;29;10020.5;0.0
2;1500;VEV_4000;1254;8;1252;26;0;0;1275;8;1278;26;0;0;1264.5;0.0
2;1500;VEV_5100;174;33;0;0;0;0;179;33;0;0;0;0;176.5;0.0
2;1500;VEV_5000;265;10;264;23;0;0;271;10;272;23;0;0;268.0;0.0
2;1500;VEV_6000;0;25;0;0;0;0;1;25;0;0;0;0;0.5;0.0
2;1500;VEV_4500;757;10;755;23;0;0;773;10;775;23;0;0;765.0;0.0
2;1500;VEV_5400;16;25;0;0;0;0;17;9;18;16;0;0;16.5;0.0
2;1500;VEV_6500;0;18;0;0;0;0;1;18;0;0;0;0;0.5;0.0
2;1500;VEV_5500;6;25;0;0;0;0;7;25;0;0;0;0;6.5;0.0
2;1500;VELVETFRUIT_EXTRACT;5262;56;0;0;0;0;5267;16;5268;40;0;0;5264.5;0.0
2;1600;VEV_5400;16;19;0;0;0;0;17;7;18;12;0;0;16.5;0.0
2;1600;VEV_6500;0;15;0;0;0;0;1;15;0;0;0;0;0.5;0.0
2;1600;VEV_5500;6;19;0;0;0;0;7;19;0;0;0;0;6.5;0.0
2;1600;VEV_4000;1254;13;1252;29;0;0;1275;13;1278;29;0;0;1264.5;0.0
2;1600;VEV_5000;265;7;264;13;0;0;271;7;272;13;0;0;268.0;0.0
2;1600;VEV_5100;174;20;0;0;0;0;179;20;0;0;0;0;176.5;0.0
2;1600;VEV_4500;757;7;755;13;0;0;773;7;775;13;0;0;765.0;0.0
2;1600;VEV_5200;101;20;0;0;0;0;104;20;0;0;0;0;102.5;0.0
2;1600;VEV_5300;51;19;0;0;0;0;53;19;0;0;0;0;52.0;0.0
2;1600;HYDROGEL_PACK;10016;14;10014;23;0;0;10032;14;10035;23;0;0;10024.0;0.0
2;1600;VELVETFRUIT_EXTRACT;5262;64;0;0;0;0;5267;23;5268;41;0;0;5264.5;0.0
2;1600;VEV_6000;0;19;0;0;0;0;1;19;0;0;0;0;0.5;0.0
2;1700;VEV_4500;758;6;756;13;0;0;774;6;776;13;0;0;766.0;0.0
2;1700;VEV_5400;16;26;0;0;0;0;18;26;0;0;0;0;17.0;0.0
2;1700;VEV_6500;0;15;0;0;0;0;1;15;0;0;0;0;0.5;0.0
2;1700;VEV_5500;6;26;0;0;0;0;7;26;0;0;0;0;6.5;0.0
2;1700;VELVETFRUIT_EXTRACT;5263;61;0;0;0;0;5269;61;0;0;0;0;5266.0;0.0
2;1700;VEV_5000;266;6;265;13;0;0;272;6;273;13;0;0;269.0;0.0
2;1700;VEV_5100;176;6;175;13;0;0;180;6;181;13;0;0;178.0;0.0
2;1700;VEV_5200;102;19;0;0;0;0;105;19;0;0;0;0;103.5;0.0
2;1700;VEV_5300;51;26;0;0;0;0;54;26;0;0;0;0;52.5;0.0
2;1700;HYDROGEL_PACK;10013;13;10010;24;0;0;10029;13;10031;24;0;0;10021.0;0.0
2;1700;VEV_4000;1255;14;1253;29;0;0;1277;14;1279;29;0;0;1266.0;0.0
2;1700;VEV_6000;0;26;0;0;0;0;1;26;0;0;0;0;0.5;0.0
2;1800;HYDROGEL_PACK;10011;13;10009;28;0;0;10027;13;10030;28;0;0;10019.0;0.0
2;1800;VELVETFRUIT_EXTRACT;5263;46;0;0;0;0;5268;16;5269;30;0;0;5265.5;0.0
2;1800;VEV_6000;0;21;0;0;0;0;1;21;0;0;0;0;0.5;0.0
2;1800;VEV_5400;16;21;0;0;0;0;18;21;0;0;0;0;17.0;0.0
2;1800;VEV_6500;0;14;0;0;0;0;1;14;0;0;0;0;0.5;0.0
2;1800;VEV_5500;6;21;0;0;0;0;7;21;0;0;0;0;6.5;0.0
2;1800;VEV_4000;1255;13;1253;15;0;0;1276;13;1279;15;0;0;1265.5;0.0
2;1800;VEV_5000;265;27;0;0;0;0;272;6;273;21;0;0;268.5;0.0
2;1800;VEV_5100;175;27;0;0;0;0;180;27;0;0;0;0;177.5;0.0
2;1800;VEV_4500;758;6;756;21;0;0;774;6;776;21;0;0;766.0;0.0
2;1800;VEV_5200;102;6;101;21;0;0;105;27;0;0;0;0;103.5;0.0
2;1800;VEV_5300;51;21;0;0;0;0;53;6;54;15;0;0;52.0;0.0
2;1900;VEV_5000;266;11;265;14;0;0;272;11;273;14;0;0;269.0;0.0
2;1900;VEV_5100;176;11;175;14;0;0;180;11;181;14;0;0;178.0;0.0
2;1900;VEV_5200;102;25;0;0;0;0;105;25;0;0;0;0;103.5;0.0
2;1900;VEV_5300;51;16;0;0;0;0;54;16;0;0;0;0;52.5;0.0
2;1900;HYDROGEL_PACK;10011;15;10009;24;0;0;10027;15;10030;24;0;0;10019.0;0.0
2;1900;VEV_4000;1256;15;1253;30;0;0;1277;15;1280;30;0;0;1266.5;0.0
2;1900;VEV_6000;0;16;0;0;0;0;1;16;0;0;0;0;0.5;0.0
2;1900;VEV_4500;758;11;756;14;0;0;775;11;776;14;0;0;766.5;0.0
2;1900;VEV_5400;16;16;0;0;0;0;18;16;0;0;0;0;17.0;0.0
2;1900;VEV_6500;0;18;0;0;0;0;1;18;0;0;0;0;0.5;0.0
2;1900;VEV_5500;6;16;0;0;0;0;7;16;0;0;0;0;6.5;0.0
2;1900;VELVETFRUIT_EXTRACT;5264;25;5263;38;0;0;5269;25;5270;38;0;0;5266.5;0.0
2;2000;VEV_5400;17;19;0;0;0;0;18;19;0;0;0;0;17.5;0.0
2;2000;VEV_6500;0;15;0;0;0;0;1;15;0;0;0;0;0.5;0.0
2;2000;VEV_5500;6;19;0;0;0;0;7;19;0;0;0;0;6.5;0.0
2;2000;VEV_4000;1258;10;1255;17;0;0;1279;10;1281;17;0;0;1268.5;0.0
2;2000;VEV_4500;760;9;758;14;0;0;776;9;778;14;0;0;768.0;0.0
2;2000;VEV_5000;268;9;267;14;0;0;274;9;275;14;0;0;271.0;0.0
2;2000;VEV_5100;177;23;0;0;0;0;182;23;0;0;0;0;179.5;0.0
2;2000;VEV_5200;103;23;0;0;0;0;106;9;107;14;0;0;104.5;0.0
2;2000;VEV_5300;52;19;0;0;0;0;55;19;0;0;0;0;53.5;0.0
2;2000;HYDROGEL_PACK;10011;13;10009;22;0;0;10027;13;10030;22;0;0;10019.0;0.0
2;2000;VELVETFRUIT_EXTRACT;5266;22;5265;39;0;0;5271;61;0;0;0;0;5268.5;0.0
2;2000;VEV_6000;0;19;0;0;0;0;1;19;0;0;0;0;0.5;0.0
2;2100;VEV_5400;17;23;0;0;0;0;18;23;0;0;0;0;17.5;0.0
2;2100;VEV_6500;0;13;0;0;0;0;1;13;0;0;0;0;0.5;0.0
2;2100;VEV_5500;6;23;0;0;0;0;8;23;0;0;0;0;7.0;0.0
2;2100;VELVETFRUIT_EXTRACT;5267;15;5266;30;0;0;5272;45;0;0;0;0;5269.5;0.0
2;2100;VEV_4500;761;9;759;13;0;0;778;9;779;13;0;0;769.5;0.0
2;2100;VEV_5000;269;9;268;13;0;0;275;9;276;13;0;0;272.0;0.0
2;2100;VEV_4000;1259;8;1256;15;0;0;1280;8;1283;15;0;0;1269.5;0.0
2;2100;VEV_5100;178;22;0;0;0;0;183;22;0;0;0;0;180.5;0.0
2;2100;VEV_5200;104;22;0;0;0;0;107;22;0;0;0;0;105.5;0.0
2;2100;VEV_5300;53;23;0;0;0;0;55;23;0;0;0;0;54.0;0.0
2;2100;HYDROGEL_PACK;10009;12;10007;25;0;0;10025;12;10028;25;0;0;10017.0;0.0
2;2100;VEV_6000;0;23;0;0;0;0;1;23;0;0;0;0;0.5;0.0
2;2200;HYDROGEL_PACK;10009;10;10007;29;0;0;10025;10;10028;29;0;0;10017.0;0.0
2;2200;VELVETFRUIT_EXTRACT;5266;23;5265;39;0;0;5271;62;0;0;0;0;5268.5;0.0
2;2200;VEV_6000;0;19;0;0;0;0;1;19;0;0;0;0;0.5;0.0
2;2200;VEV_5400;17;19;0;0;0;0;18;19;0;0;0;0;17.5;0.0
2;2200;VEV_6500;0;16;0;0;0;0;1;16;0;0;0;0;0.5;0.0
2;2200;VEV_5500;6;19;0;0;0;0;7;19;0;0;0;0;6.5;0.0
2;2200;VEV_4500;760;6;758;12;0;0;776;6;778;12;0;0;768.0;0.0
2;2200;VEV_5000;268;6;267;12;0;0;274;6;275;12;0;0;271.0;0.0
2;2200;VEV_4000;1258;14;1255;19;0;0;1279;14;1281;19;0;0;1268.5;0.0
2;2200;VEV_5100;177;18;0;0;0;0;182;18;0;0;0;0;179.5;0.0
2;2200;VEV_5200;103;18;0;0;0;0;106;6;107;12;0;0;104.5;0.0
2;2200;VEV_5300;52;19;0;0;0;0;55;19;0;0;0;0;53.5;0.0
2;2300;VEV_5000;269;10;268;15;0;0;275;10;276;15;0;0;272.0;0.0
2;2300;VEV_4000;1258;13;1256;26;0;0;1280;13;1282;26;0;0;1269.0;0.0
2;2300;VEV_5100;178;25;0;0;0;0;183;25;0;0;0;0;180.5;0.0
2;2300;VEV_5200;104;25;0;0;0;0;107;25;0;0;0;0;105.5;0.0
2;2300;VEV_5300;53;9;52;18;0;0;55;27;0;0;0;0;54.0;0.0
2;2300;HYDROGEL_PACK;10007;14;10004;20;0;0;10023;14;10025;20;0;0;10015.0;0.0
2;2300;VEV_6000;0;27;0;0;0;0;1;27;0;0;0;0;0.5;0.0
2;2300;VEV_5400;17;27;0;0;0;0;18;27;0;0;0;0;17.5;0.0
2;2300;VEV_6500;0;10;0;0;0;0;1;10;0;0;0;0;0.5;0.0
2;2300;VELVETFRUIT_EXTRACT;5266;65;0;0;0;0;5272;65;0;0;0;0;5269.0;0.0
2;2300;VEV_5500;6;27;0;0;0;0;8;27;0;0;0;0;7.0;0.0
2;2300;VEV_4500;761;10;759;15;0;0;777;10;779;15;0;0;769.0;0.0
2;2400;VEV_5400;17;26;0;0;0;0;19;26;0;0;0;0;18.0;0.0
2;2400;VEV_6500;0;20;0;0;0;0;1;20;0;0;0;0;0.5;0.0
2;2400;VEV_5500;6;26;0;0;0;0;8;26;0;0;0;0;7.0;0.0
2;2400;VEV_4500;762;7;760;13;0;0;778;7;780;13;0;0;770.0;0.0
2;2400;VEV_5000;270;7;269;13;0;0;276;7;277;13;0;0;273.0;0.0
2;2400;VEV_4000;1260;13;1257;28;0;0;1281;13;1283;28;0;0;1270.5;0.0
2;2400;VEV_5100;179;20;0;0;0;0;184;20;0;0;0;0;181.5;0.0
2;2400;VEV_5200;105;7;104;13;0;0;108;20;0;0;0;0;106.5;0.0
2;2400;VEV_5300;53;26;0;0;0;0;55;10;56;16;0;0;54.0;0.0
2;2400;HYDROGEL_PACK;10010;10;10007;25;0;0;10026;10;10028;25;0;0;10018.0;0.0
2;2400;VELVETFRUIT_EXTRACT;5268;22;5267;30;0;0;5273;52;0;0;0;0;5270.5;0.0
2;2400;VEV_6000;0;26;0;0;0;0;1;26;0;0;0;0;0.5;0.0
2;2500;VEV_5400;18;21;0;0;0;0;19;21;0;0;0;0;18.5;0.0
2;2500;VEV_6500;0;20;0;0;0;0;1;20;0;0;0;0;0.5;0.0
2;2500;VELVETFRUIT_EXTRACT;5270;15;5269;38;0;0;5275;53;0;0;0;0;5272.5;0.0
2;2500;VEV_5500;7;21;0;0;0;0;8;21;0;0;0;0;7.5;0.0
2;2500;VEV_4500;764;10;762;13;0;0;780;10;782;13;0;0;772.0;0.0
2;2500;VEV_5000;272;10;271;13;0;0;278;10;279;13;0;0;275.0;0.0
2;2500;VEV_4000;1262;9;1259;18;0;0;1283;9;1285;18;0;0;1272.5;0.0
2;2500;VEV_5100;181;10;180;13;0;0;186;23;0;0;0;0;183.5;0.0
2;2500;VEV_5200;106;23;0;0;0;0;109;23;0;0;0;0;107.5;0.0
2;2500;VEV_5300;54;21;0;0;0;0;56;21;0;0;0;0;55.0;0.0
2;2500;HYDROGEL_PACK;10011;14;10008;27;0;0;10027;14;10029;27;0;0;10019.0;0.0
2;2500;VEV_6000;0;21;0;0;0;0;1;21;0;0;0;0;0.5;0.0
2;2600;HYDROGEL_PACK;10012;13;10009;20;0;0;10028;13;10030;20;0;0;10020.0;0.0
2;2600;VELVETFRUIT_EXTRACT;5270;74;0;0;0;0;5275;25;5276;49;0;0;5272.5;0.0
2;2600;VEV_6000;0;16;0;0;0;0;1;16;0;0;0;0;0.5;0.0
2;2600;VEV_5400;18;16;0;0;0;0;19;16;0;0;0;0;18.5;0.0
2;2600;VEV_5500;7;16;0;0;0;0;8;16;0;0;0;0;7.5;0.0
2;2600;VEV_6500;0;12;0;0;0;0;1;12;0;0;0;0;0.5;0.0
2;2600;VEV_4500;764;9;762;13;0;0;781;9;783;13;0;0;772.5;0.0
2;2600;VEV_5000;272;9;271;13;0;0;279;22;0;0;0;0;275.5;0.0
2;2600;VEV_4000;1262;11;1259;25;0;0;1283;11;1286;25;0;0;1272.5;0.0
2;2600;VEV_5100;181;22;0;0;0;0;186;22;0;0;0;0;183.5;0.0
2;2600;VEV_5200;106;22;0;0;0;0;109;9;110;13;0;0;107.5;0.0
2;2600;VEV_5300;54;16;0;0;0;0;57;16;0;0;0;0;55.5;0.0
2;2700;VEV_5100;181;8;180;14;0;0;185;8;186;14;0;0;183.0;0.0
2;2700;VEV_4000;1261;7;1259;28;0;0;1283;7;1285;28;0;0;1272.0;0.0
2;2700;VEV_5000;271;22;0;0;0;0;278;8;279;14;0;0;274.5;0.0
2;2700;VEV_5300;54;19;0;0;0;0;56;19;0;0;0;0;55.0;0.0
2;2700;VEV_5200;106;22;0;0;0;0;109;22;0;0;0;0;107.5;0.0
2;2700;HYDROGEL_PACK;10014;14;10012;29;0;0;10030;14;10033;29;0;0;10022.0;0.0
2;2700;VEV_6000;0;19;0;0;0;0;1;19;0;0;0;0;0.5;0.0
2;2700;VEV_5500;7;19;0;0;0;0;8;19;0;0;0;0;7.5;0.0
2;2700;VEV_5400;18;8;17;11;0;0;19;19;0;0;0;0;18.5;0.0
2;2700;VEV_6500;0;10;0;0;0;0;1;10;0;0;0;0;0.5;0.0
2;2700;VELVETFRUIT_EXTRACT;5269;69;0;0;0;0;5275;69;0;0;0;0;5272.0;0.0
2;2700;VEV_4500;764;8;762;14;0;0;780;8;782;14;0;0;772.0;0.0
2;2800;VEV_5500;7;20;0;0;0;0;8;20;0;0;0;0;7.5;0.0
2;2800;VEV_5400;17;20;0;0;0;0;19;20;0;0;0;0;18.0;0.0
2;2800;VEV_6500;0;14;0;0;0;0;1;14;0;0;0;0;0.5;0.0
2;2800;VEV_4500;763;8;761;14;0;0;780;8;782;14;0;0;771.5;0.0
2;2800;VEV_5100;180;22;0;0;0;0;185;22;0;0;0;0;182.5;0.0
2;2800;VEV_4000;1261;9;1258;22;0;0;1282;9;1285;22;0;0;1271.5;0.0
2;2800;VEV_5000;271;8;270;14;0;0;277;8;278;14;0;0;274.0;0.0
2;2800;VEV_5300;54;8;53;12;0;0;56;20;0;0;0;0;55.0;0.0
2;2800;VEV_5200;106;8;105;14;0;0;109;22;0;0;0;0;107.5;0.0
2;2800;HYDROGEL_PACK;10017;11;10015;22;0;0;10033;11;10036;22;0;0;10025.0;0.0
2;2800;VELVETFRUIT_EXTRACT;5269;25;5268;42;0;0;5274;25;5275;42;0;0;5271.5;0.0
2;2800;VEV_6000;0;20;0;0;0;0;1;20;0;0;0;0;0.5;0.0
2;2900;VEV_5500;6;26;0;0;0;0;8;26;0;0;0;0;7.0;0.0
2;2900;VEV_5400;17;26;0;0;0;0;18;26;0;0;0;0;17.5;0.0
2;2900;VEV_6500;0;14;0;0;0;0;1;14;0;0;0;0;0.5;0.0
2;2900;VELVETFRUIT_EXTRACT;5267;25;5266;40;0;0;5272;25;5273;40;0;0;5269.5;0.0
2;2900;VEV_4500;761;7;759;17;0;0;778;7;780;17;0;0;769.5;0.0
2;2900;VEV_5100;178;24;0;0;0;0;183;7;184;17;0;0;180.5;0.0
2;2900;VEV_4000;1259;7;1256;26;0;0;1280;7;1283;26;0;0;1269.5;0.0
2;2900;VEV_5000;269;7;268;17;0;0;275;7;276;17;0;0;272.0;0.0
2;2900;VEV_5300;53;26;0;0;0;0;55;26;0;0;0;0;54.0;0.0
2;2900;VEV_5200;104;24;0;0;0;0;107;7;108;17;0;0;105.5;0.0
2;2900;HYDROGEL_PACK;10018;15;10016;21;0;0;10034;15;10037;21;0;0;10026.0;0.0
2;2900;VEV_6000;0;26;0;0;0;0;1;26;0;0;0;0;0.5;0.0
2;3000;VELVETFRUIT_EXTRACT;5268;21;5267;32;0;0;5273;21;5274;32;0;0;5270.5;0.0
2;3000;VEV_6000;0;21;0;0;0;0;1;21;0;0;0;0;0.5;0.0
2;3000;VEV_5500;6;21;0;0;0;0;8;21;0;0;0;0;7.0;0.0
2;3000;VEV_5400;17;21;0;0;0;0;19;21;0;0;0;0;18.0;0.0
2;3000;VEV_6500;0;17;0;0;0;0;1;17;0;0;0;0;0.5;0.0
2;3000;VEV_4500;762;9;760;13;0;0;779;9;781;13;0;0;770.5;0.0
2;3000;VEV_5100;179;22;0;0;0;0;184;22;0;0;0;0;181.5;0.0
2;3000;VEV_4000;1260;11;1257;16;0;0;1281;11;1284;16;0;0;1270.5;0.0
2;3000;VEV_5000;270;9;269;13;0;0;276;9;277;13;0;0;273.0;0.0
2;3000;VEV_5300;53;21;0;0;0;0;55;10;56;11;0;0;54.0;0.0
2;3000;VEV_5200;105;22;0;0;0;0;108;22;0;0;0;0;106.5;0.0
2;3000;HYDROGEL_PACK;10019;13;10017;27;0;0;10035;13;10038;27;0;0;10027.0;0.0
2;3100;VEV_5100;181;11;180;16;0;0;186;27;0;0;0;0;183.5;0.0
2;3100;VEV_4000;1262;15;1259;15;0;0;1283;15;1285;15;0;0;1272.5;0.0
2;3100;VEV_5000;272;11;271;16;0;0;278;11;279;16;0;0;275.0;0.0
2;3100;VEV_5300;54;23;0;0;0;0;56;23;0;0;0;0;55.0;0.0
2;3100;VEV_5200;106;27;0;0;0;0;109;27;0;0;0;0;107.5;0.0
2;3100;VEV_6000;0;23;0;0;0;0;1;23;0;0;0;0;0.5;0.0
2;3100;HYDROGEL_PACK;10019;10;10017;25;0;0;10035;10;10038;25;0;0;10027.0;0.0
2;3100;VEV_5500;7;23;0;0;0;0;8;23;0;0;0;0;7.5;0.0
2;3100;VEV_5400;18;23;0;0;0;0;19;23;0;0;0;0;18.5;0.0
2;3100;VEV_6500;0;18;0;0;0;0;1;18;0;0;0;0;0.5;0.0
2;3100;VELVETFRUIT_EXTRACT;5270;21;5269;47;0;0;5275;68;0;0;0;0;5272.5;0.0
2;3100;VEV_4500;764;11;762;16;0;0;780;11;782;16;0;0;772.0;0.0
2;3200;VEV_5500;7;18;0;0;0;0;8;18;0;0;0;0;7.5;0.0
2;3200;VEV_5400;18;18;0;0;0;0;19;18;0;0;0;0;18.5;0.0
2;3200;VEV_6500;0;10;0;0;0;0;1;10;0;0;0;0;0.5;0.0
2;3200;VEV_4500;765;8;763;22;0;0;781;8;783;22;0;0;773.0;0.0
2;3200;VEV_4000;1262;8;1260;29;0;0;1284;8;1286;29;0;0;1273.0;0.0
2;3200;VEV_5100;181;30;0;0;0;0;186;8;187;22;0;0;183.5;0.0
2;3200;VEV_5000;272;30;0;0;0;0;279;30;0;0;0;0;275.5;0.0
2;3200;VEV_5300;54;18;0;0;0;0;57;18;0;0;0;0;55.5;0.0
2;3200;VEV_5200;106;30;0;0;0;0;110;30;0;0;0;0;108.0;0.0
2;3200;HYDROGEL_PACK;10022;12;10019;28;0;0;10038;12;10040;28;0;0;10030.0;0.0
2;3200;VELVETFRUIT_EXTRACT;5270;57;0;0;0;0;5276;57;0;0;0;0;5273.0;0.0
2;3200;VEV_6000;0;18;0;0;0;0;1;18;0;0;0;0;0.5;0.0
2;3300;HYDROGEL_PACK;10021;12;10018;26;0;0;10037;12;10040;26;0;0;10029.0;0.0
2;3300;VELVETFRUIT_EXTRACT;5271;17;5270;35;0;0;5276;17;5277;35;0;0;5273.5;0.0
2;3300;VEV_5500;7;18;0;0;0;0;8;18;0;0;0;0;7.5;0.0
2;3300;VEV_5400;18;18;0;0;0;0;19;18;0;0;0;0;18.5;0.0
2;3300;VEV_6500;0;14;0;0;0;0;1;14;0;0;0;0;0.5;0.0
2;3300;VEV_4500;765;6;763;12;0;0;782;6;784;12;0;0;773.5;0.0
2;3300;VEV_4000;1263;11;1260;28;0;0;1284;11;1287;28;0;0;1273.5;0.0
2;3300;VEV_5100;182;18;0;0;0;0;187;18;0;0;0;0;184.5;0.0
2;3300;VEV_5000;273;6;272;12;0;0;280;18;0;0;0;0;276.5;0.0
2;3300;VEV_5300;55;6;54;12;0;0;57;18;0;0;0;0;56.0;0.0
2;3300;VEV_5200;107;18;0;0;0;0;110;18;0;0;0;0;108.5;0.0
2;3300;VEV_6000;0;18;0;0;0;0;1;18;0;0;0;0;0.5;0.0
2;3400;VELVETFRUIT_EXTRACT;5272;24;5271;41;0;0;5277;24;5278;41;0;0;5274.5;0.0
2;3400;VEV_6000;0;25;0;0;0;0;1;25;0;0;0;0;0.5;0.0
2;3400;VEV_5500;7;25;0;0;0;0;8;25;0;0;0;0;7.5;0.0
2;3400;VEV_5400;18;25;0;0;0;0;19;6;20;19;0;0;18.5;0.0
2;3400;VEV_6500;0;15;0;0;0;0;1;15;0;0;0;0;0.5;0.0
2;3400;VEV_4500;766;10;764;24;0;0;783;10;785;24;0;0;774.5;0.0
2;3400;VEV_4000;1264;8;1261;22;0;0;1285;8;1288;22;0;0;1274.5;0.0
2;3400;VEV_5100;183;10;182;24;0;0;188;34;0;0;0;0;185.5;0.0
2;3400;VEV_5000;274;10;273;24;0;0;280;10;281;24;0;0;277.0;0.0
2;3400;VEV_5300;55;25;0;0;0;0;57;25;0;0;0;0;56.0;0.0
2;3400;VEV_5200;108;10;107;24;0;0;111;34;0;0;0;0;109.5;0.0
2;3400;HYDROGEL_PACK;10023;11;10021;25;0;0;10039;11;10042;25;0;0;10031.0;0.0
2;3500;VEV_4000;1263;14;1260;28;0;0;1284;14;1287;28;0;0;1273.5;0.0
2;3500;VEV_5100;182;12;181;21;0;0;186;12;187;21;0;0;184.0;0.0
2;3500;VEV_5000;273;12;272;21;0;0;279;12;280;21;0;0;276.0;0.0
2;3500;VEV_5300;54;20;0;0;0;0;57;20;0;0;0;0;55.5;0.0
2;3500;VEV_5200;107;33;0;0;0;0;110;33;0;0;0;0;108.5;0.0
2;3500;VEV_6000;0;20;0;0;0;0;1;20;0;0;0;0;0.5;0.0
2;3500;HYDROGEL_PACK;10021;10;10018;21;0;0;10037;10;10039;21;0;0;10029.0;0.0
2;3500;VELVETFRUIT_EXTRACT;5271;25;5270;50;0;0;5276;75;0;0;0;0;5273.5;0.0
2;3500;VEV_5500;7;20;0;0;0;0;8;20;0;0;0;0;7.5;0.0
2;3500;VEV_5400;18;20;0;0;0;0;19;20;0;0;0;0;18.5;0.0
2;3500;VEV_6500;0;17;0;0;0;0;1;17;0;0;0;0;0.5;0.0
2;3500;VEV_4500;765;12;763;21;0;0;782;12;783;21;0;0;773.5;0.0
2;3600;VEV_5500;7;23;0;0;0;0;8;23;0;0;0;0;7.5;0.0
2;3600;VEV_5400;18;23;0;0;0;0;19;23;0;0;0;0;18.5;0.0
2;3600;VEV_6500;0;18;0;0;0;0;1;18;0;0;0;0;0.5;0.0
2;3600;VEV_4500;766;12;764;15;0;0;782;12;784;15;0;0;774.0;0.0
2;3600;VEV_4000;1263;14;1261;23;0;0;1285;14;1287;23;0;0;1274.0;0.0
2;3600;VEV_5100;182;27;0;0;0;0;187;12;188;15;0;0;184.5;0.0
2;3600;VEV_5000;273;27;0;0;0;0;280;12;281;15;0;0;276.5;0.0
2;3600;VEV_5300;55;23;0;0;0;0;57;23;0;0;0;0;56.0;0.0
2;3600;VEV_5200;107;27;0;0;0;0;110;12;111;15;0;0;108.5;0.0
2;3600;HYDROGEL_PACK;10022;10;10020;30;0;0;10038;10;10041;30;0;0;10030.0;0.0
2;3600;VELVETFRUIT_EXTRACT;5271;60;0;0;0;0;5277;60;0;0;0;0;5274.0;0.0
2;3600;VEV_6000;0;23;0;0;0;0;1;23;0;0;0;0;0.5;0.0
2;3700;HYDROGEL_PACK;10021;15;10019;24;0;0;10037;15;10040;24;0;0;10029.0;0.0
2;3700;VELVETFRUIT_EXTRACT;5271;25;5270;44;0;0;5276;25;5277;44;0;0;5273.5;0.0
2;3700;VEV_5400;18;21;0;0;0;0;19;21;0;0;0;0;18.5;0.0
2;3700;VEV_6500;0;11;0;0;0;0;1;11;0;0;0;0;0.5;0.0
2;3700;VEV_4500;765;9;763;13;0;0;782;9;784;13;0;0;773.5;0.0
2;3700;VEV_5500;7;21;0;0;0;0;8;21;0;0;0;0;7.5;0.0
2;3700;VEV_4000;1263;13;1260;15;0;0;1284;13;1287;15;0;0;1273.5;0.0
2;3700;VEV_5100;182;9;181;13;0;0;187;22;0;0;0;0;184.5;0.0
2;3700;VEV_5000;273;9;272;13;0;0;279;9;280;13;0;0;276.0;0.0
2;3700;VEV_5300;54;21;0;0;0;0;57;21;0;0;0;0;55.5;0.0
2;3700;VEV_5200;107;22;0;0;0;0;110;22;0;0;0;0;108.5;0.0
2;3700;VEV_6000;0;21;0;0;0;0;1;21;0;0;0;0;0.5;0.0
2;3800;VELVETFRUIT_EXTRACT;5271;54;0;0;0;0;5276;19;5277;35;0;0;5273.5;0.0
2;3800;VEV_6000;0;21;0;0;0;0;1;21;0;0;0;0;0.5;0.0
2;3800;VEV_5400;18;21;0;0;0;0;19;21;0;0;0;0;18.5;0.0
2;3800;VEV_6500;0;18;0;0;0;0;1;18;0;0;0;0;0.5;0.0
2;3800;VEV_4500;766;8;764;22;0;0;782;8;784;22;0;0;774.0;0.0
2;3800;VEV_5500;7;21;0;0;0;0;8;21;0;0;0;0;7.5;0.0
2;3800;VEV_4000;1263;8;1261;25;0;0;1285;8;1287;25;0;0;1274.0;0.0
2;3800;VEV_5200;107;30;0;0;0;0;110;8;111;22;0;0;108.5;0.0
2;3800;VEV_5300;55;10;54;11;0;0;57;21;0;0;0;0;56.0;0.0
2;3800;VEV_5000;273;30;0;0;0;0;280;30;0;0;0;0;276.5;0.0
2;3800;VEV_5100;182;30;0;0;0;0;187;30;0;0;0;0;184.5;0.0
2;3800;HYDROGEL_PACK;10020;13;10017;29;0;0;10036;13;10038;29;0;0;10028.0;0.0
2;3900;VEV_4000;1263;15;1261;23;0;0;1285;15;1287;23;0;0;1274.0;0.0
2;3900;VEV_5200;107;22;0;0;0;0;110;6;111;16;0;0;108.5;0.0
2;3900;VEV_5300;55;8;54;11;0;0;57;19;0;0;0;0;56.0;0.0
2;3900;VEV_5000;273;22;0;0;0;0;280;22;0;0;0;0;276.5;0.0
2;3900;VEV_5100;182;22;0;0;0;0;187;22;0;0;0;0;184.5;0.0
2;3900;VEV_6000;0;19;0;0;0;0;1;19;0;0;0;0;0.5;0.0
2;3900;HYDROGEL_PACK;10016;13;10014;26;0;0;10032;13;10035;26;0;0;10024.0;0.0
2;3900;VELVETFRUIT_EXTRACT;5271;65;0;0;0;0;5277;65;0;0;0;0;5274.0;0.0
2;3900;VEV_5400;18;19;0;0;0;0;19;19;0;0;0;0;18.5;0.0
2;3900;VEV_6500;0;16;0;0;0;0;1;16;0;0;0;0;0.5;0.0
2;3900;VEV_4500;766;6;764;16;0;0;782;6;784;16;0;0;774.0;0.0
2;3900;VEV_5500;7;19;0;0;0;0;8;19;0;0;0;0;7.5;0.0
2;4000;VEV_5400;18;26;0;0;0;0;19;26;0;0;0;0;18.5;0.0
2;4000;VEV_6500;0;20;0;0;0;0;1;20;0;0;0;0;0.5;0.0
2;4000;VEV_4500;765;6;763;16;0;0;781;6;783;16;0;0;773.0;0.0
2;4000;VEV_5500;7;26;0;0;0;0;8;26;0;0;0;0;7.5;0.0
2;4000;VEV_4000;1262;14;1260;22;0;0;1284;14;1286;22;0;0;1273.0;0.0
2;4000;VEV_5200;107;6;106;16;0;0;110;22;0;0;0;0;108.5;0.0
2;4000;VEV_5300;54;26;0;0;0;0;56;10;57;16;0;0;55.0;0.0
2;4000;VEV_5000;272;22;0;0;0;0;279;22;0;0;0;0;275.5;0.0
2;4000;VEV_5100;181;22;0;0;0;0;186;6;187;16;0;0;183.5;0.0
2;4000;HYDROGEL_PACK;10018;15;10016;30;0;0;10034;15;10037;30;0;0;10026.0;0.0
2;4000;VELVETFRUIT_EXTRACT;5270;53;0;0;0;0;5275;23;5276;30;0;0;5272.5;0.0
2;4000;VEV_6000;0;26;0;0;0;0;1;26;0;0;0;0;0.5;0.0
2;4100;HYDROGEL_PACK;10020;14;10017;25;0;0;10036;14;10038;25;0;0;10028.0;0.0
2;4100;VELVETFRUIT_EXTRACT;5271;63;0;0;0;0;5276;25;5277;38;0;0;5273.5;0.0
2;4100;VEV_5400;18;19;0;0;0;0;19;19;0;0;0;0;18.5;0.0
2;4100;VEV_6500;0;12;0;0;0;0;1;12;0;0;0;0;0.5;0.0
2;4100;VEV_4500;765;10;764;22;0;0;782;10;784;22;0;0;773.5;0.0
2;4100;VEV_5500;7;19;0;0;0;0;8;19;0;0;0;0;7.5;0.0
2;4100;VEV_4000;1263;12;1260;19;0;0;1284;12;1287;19;0;0;1273.5;0.0
2;4100;VEV_5200;107;32;0;0;0;0;110;10;111;22;0;0;108.5;0.0
2;4100;VEV_5300;55;8;54;11;0;0;57;19;0;0;0;0;56.0;0.0
2;4100;VEV_5000;273;10;272;22;0;0;280;32;0;0;0;0;276.5;0.0
2;4100;VEV_5100;182;32;0;0;0;0;187;32;0;0;0;0;184.5;0.0
2;4100;VEV_6000;0;19;0;0;0;0;1;19;0;0;0;0;0.5;0.0
2;4200;VELVETFRUIT_EXTRACT;5272;19;5271;32;0;0;5277;19;5278;32;0;0;5274.5;0.0
2;4200;VEV_6000;0;26;0;0;0;0;1;26;0;0;0;0;0.5;0.0
2;4200;VEV_5400;18;26;0;0;0;0;19;26;0;0;0;0;18.5;0.0
2;4200;VEV_6500;0;20;0;0;0;0;1;20;0;0;0;0;0.5;0.0
2;4200;VEV_4500;766;7;764;13;0;0;783;7;785;13;0;0;774.5;0.0
2;4200;VEV_5500;7;26;0;0;0;0;8;26;0;0;0;0;7.5;0.0
2;4200;VEV_4000;1264;11;1261;16;0;0;1285;11;1288;16;0;0;1274.5;0.0
2;4200;VEV_5200;108;7;107;13;0;0;111;20;0;0;0;0;109.5;0.0
2;4200;VEV_5300;55;26;0;0;0;0;57;26;0;0;0;0;56.0;0.0
2;4200;VEV_5000;274;7;273;13;0;0;280;7;281;13;0;0;277.0;0.0
2;4200;HYDROGEL_PACK;10022;10;10020;26;0;0;10038;10;10041;26;0;0;10030.0;0.0
2;4200;VEV_5100;183;7;182;13;0;0;187;7;188;13;0;0;185.0;0.0
2;4300;VEV_5200;108;9;107;21;0;0;111;30;0;0;0;0;109.5;0.0
2;4300;VEV_5300;55;27;0;0;0;0;57;27;0;0;0;0;56.0;0.0
2;4300;VEV_5000;274;9;273;21;0;0;280;9;281;21;0;0;277.0;0.0
2;4300;VEV_4000;1264;9;1261;24;0;0;1285;9;1288;24;0;0;1274.5;0.0
2;4300;VEV_5100;183;9;182;21;0;0;187;9;188;21;0;0;185.0;0.0
2;4300;VEV_6000;0;27;0;0;0;0;1;27;0;0;0;0;0.5;0.0
2;4300;HYDROGEL_PACK;10019;12;10016;24;0;0;10035;12;10038;24;0;0;10027.0;0.0
2;4300;VELVETFRUIT_EXTRACT;5272;25;5271;48;0;0;5277;25;5278;48;0;0;5274.5;0.0
2;4300;VEV_4500;766;9;764;21;0;0;783;9;785;21;0;0;774.5;0.0
2;4300;VEV_5400;18;27;0;0;0;0;19;27;0;0;0;0;18.5;0.0
2;4300;VEV_6500;0;17;0;0;0;0;1;17;0;0;0;0;0.5;0.0
2;4300;VEV_5500;7;27;0;0;0;0;8;27;0;0;0;0;7.5;0.0
2;4400;VEV_4500;764;12;762;20;0;0;781;12;783;20;0;0;772.5;0.0
2;4400;VEV_5400;18;5;17;16;0;0;19;21;0;0;0;0;18.5;0.0
2;4400;VEV_6500;0;17;0;0;0;0;1;17;0;0;0;0;0.5;0.0
2;4400;VEV_5500;7;21;0;0;0;0;8;21;0;0;0;0;7.5;0.0
2;4400;VEV_5200;106;32;0;0;0;0;109;12;110;20;0;0;107.5;0.0
2;4400;VEV_5300;54;21;0;0;0;0;56;21;0;0;0;0;55.0;0.0
2;4400;VEV_5000;272;12;271;20;0;0;278;12;279;20;0;0;275.0;0.0
2;4400;HYDROGEL_PACK;10020;10;10017;22;0;0;10036;10;10038;22;0;0;10028.0;0.0
2;4400;VEV_4000;1262;15;1259;30;0;0;1283;15;1286;30;0;0;1272.5;0.0
2;4400;VEV_5100;181;32;0;0;0;0;186;32;0;0;0;0;183.5;0.0
2;4400;VEV_6000;0;21;0;0;0;0;1;21;0;0;0;0;0.5;0.0
2;4400;VELVETFRUIT_EXTRACT;5270;22;5269;34;0;0;5275;56;0;0;0;0;5272.5;0.0
2;4500;HYDROGEL_PACK;10017;14;10014;26;0;0;10033;14;10035;26;0;0;10025.0;0.0
2;4500;VELVETFRUIT_EXTRACT;5270;15;5269;48;0;0;5275;63;0;0;0;0;5272.5;0.0
2;4500;VEV_4500;764;7;762;13;0;0;780;7;782;13;0;0;772.0;0.0
2;4500;VEV_5400;18;7;17;11;0;0;19;18;0;0;0;0;18.5;0.0
2;4500;VEV_6500;0;16;0;0;0;0;1;16;0;0;0;0;0.5;0.0
2;4500;VEV_5500;7;18;0;0;0;0;8;18;0;0;0;0;7.5;0.0
2;4500;VEV_5200;106;20;0;0;0;0;109;7;110;13;0;0;107.5;0.0
2;4500;VEV_5300;54;18;0;0;0;0;56;18;0;0;0;0;55.0;0.0
2;4500;VEV_5000;272;7;271;13;0;0;278;7;279;13;0;0;275.0;0.0
2;4500;VEV_4000;1262;9;1259;18;0;0;1283;9;1285;18;0;0;1272.5;0.0
2;4500;VEV_5100;181;7;180;13;0;0;186;20;0;0;0;0;183.5;0.0
2;4500;VEV_6000;0;18;0;0;0;0;1;18;0;0;0;0;0.5;0.0
2;4600;VEV_6000;0;21;0;0;0;0;1;21;0;0;0;0;0.5;0.0
2;4600;VELVETFRUIT_EXTRACT;5268;65;0;0;0;0;5273;22;5274;43;0;0;5270.5;0.0
2;4600;VEV_4500;763;6;761;18;0;0;779;6;781;18;0;0;771.0;0.0
2;4600;VEV_5400;17;21;0;0;0;0;19;21;0;0;0;0;18.0;0.0
2;4600;VEV_6500;0;14;0;0;0;0;1;14;0;0;0;0;0.5;0.0
2;4600;VEV_5500;7;9;6;12;0;0;8;21;0;0;0;0;7.5;0.0
2;4600;VEV_5200;105;24;0;0;0;0;108;6;109;18;0;0;106.5;0.0
2;4600;VEV_5300;53;21;0;0;0;0;56;21;0;0;0;0;54.5;0.0
2;4600;VEV_5000;270;24;0;0;0;0;277;24;0;0;0;0;273.5;0.0
2;4600;HYDROGEL_PACK;10017;15;10015;21;0;0;10033;15;10036;21;0;0;10025.0;0.0
2;4600;VEV_4000;1260;8;1258;28;0;0;1281;8;1284;28;0;0;1270.5;0.0
2;4600;VEV_5100;180;6;179;18;0;0;184;6;185;18;0;0;182.0;0.0
2;4700;VEV_5200;105;29;0;0;0;0;108;11;109;18;0;0;106.5;0.0
2;4700;VEV_5300;53;25;0;0;0;0;56;25;0;0;0;0;54.5;0.0
2;4700;VEV_5000;270;29;0;0;0;0;277;11;278;18;0;0;273.5;0.0
2;4700;VEV_4000;1260;15;1258;22;0;0;1282;15;1284;22;0;0;1271.0;0.0
2;4700;VEV_5100;180;11;179;18;0;0;184;11;185;18;0;0;182.0;0.0
2;4700;VEV_6000;0;25;0;0;0;0;1;25;0;0;0;0;0.5;0.0
2;4700;HYDROGEL_PACK;10017;14;10015;27;0;0;10034;14;10036;27;0;0;10025.5;0.0
2;4700;VELVETFRUIT_EXTRACT;5268;63;0;0;0;0;5274;63;0;0;0;0;5271.0;0.0
2;4700;VEV_4500;763;11;761;18;0;0;779;11;781;18;0;0;771.0;0.0
2;4700;VEV_5400;17;25;0;0;0;0;19;25;0;0;0;0;18.0;0.0
2;4700;VEV_6500;0;19;0;0;0;0;1;19;0;0;0;0;0.5;0.0
2;4700;VEV_5500;7;6;6;19;0;0;8;25;0;0;0;0;7.5;0.0
2;4800;VEV_4500;762;11;761;15;0;0;779;11;781;15;0;0;770.5;0.0
2;4800;VEV_5400;17;25;0;0;0;0;19;25;0;0;0;0;18.0;0.0
2;4800;VEV_6500;0;18;0;0;0;0;1;18;0;0;0;0;0.5;0.0
2;4800;VEV_5500;6;25;0;0;0;0;8;25;0;0;0;0;7.0;0.0
2;4800;VEV_5200;105;26;0;0;0;0;108;11;109;15;0;0;106.5;0.0
2;4800;VEV_5300;53;25;0;0;0;0;56;25;0;0;0;0;54.5;0.0
2;4800;VEV_5000;270;11;269;15;0;0;277;26;0;0;0;0;273.5;0.0
2;4800;HYDROGEL_PACK;10017;10;10015;28;0;0;10033;10;10036;28;0;0;10025.0;0.0
2;4800;VEV_4000;1260;10;1257;20;0;0;1281;10;1284;20;0;0;1270.5;0.0
2;4800;VEV_5100;180;11;179;15;0;0;184;11;185;15;0;0;182.0;0.0
2;4800;VEV_6000;0;25;0;0;0;0;1;25;0;0;0;0;0.5;0.0
2;4800;VELVETFRUIT_EXTRACT;5268;63;0;0;0;0;5273;21;5274;42;0;0;5270.5;0.0
2;4900;HYDROGEL_PACK;10020;15;10017;27;0;0;10036;15;10038;27;0;0;10028.0;0.0
2;4900;VELVETFRUIT_EXTRACT;5270;64;0;0;0;0;5275;16;5276;48;0;0;5272.5;0.0
2;4900;VEV_4500;765;8;763;21;0;0;781;8;783;21;0;0;773.0;0.0
2;4900;VEV_5500;7;20;0;0;0;0;8;20;0;0;0;0;7.5;0.0
2;4900;VEV_5400;18;20;0;0;0;0;19;20;0;0;0;0;18.5;0.0
2;4900;VEV_6500;0;12;0;0;0;0;1;12;0;0;0;0;0.5;0.0
2;4900;VEV_5300;54;20;0;0;0;0;57;20;0;0;0;0;55.5;0.0
2;4900;VEV_5200;107;8;106;21;0;0;110;29;0;0;0;0;108.5;0.0
2;4900;VEV_5100;181;29;0;0;0;0;186;8;187;21;0;0;183.5;0.0
2;4900;VEV_4000;1262;8;1260;22;0;0;1284;8;1286;22;0;0;1273.0;0.0
2;4900;VEV_5000;272;29;0;0;0;0;279;29;0;0;0;0;275.5;0.0
2;4900;VEV_6000;0;20;0;0;0;0;1;20;0;0;0;0;0.5;0.0
2;5000;VEV_6000;0;24;0;0;0;0;1;24;0;0;0;0;0.5;0.0
2;5000;VELVETFRUIT_EXTRACT;5270;69;0;0;0;0;5276;69;0;0;0;0;5273.0;0.0
2;5000;VEV_4500;765;9;763;23;0;0;781;9;783;23;0;0;773.0;0.0
2;5000;VEV_5500;7;24;0;0;0;0;8;24;0;0;0;0;7.5;0.0
2;5000;VEV_5400;18;24;0;0;0;0;19;24;0;0;0;0;18.5;0.0
2;5000;VEV_6500;0;17;0;0;0;0;1;17;0;0;0;0;0.5;0.0
2;5000;VEV_5300;54;24;0;0;0;0;57;24;0;0;0;0;55.5;0.0
2;5000;VEV_5200;107;9;106;23;0;0;110;32;0;0;0;0;108.5;0.0
2;5000;VEV_5100;182;9;181;23;0;0;186;9;187;23;0;0;184.0;0.0
2;5000;HYDROGEL_PACK;10019;12;10016;29;0;0;10035;12;10038;29;0;0;10027.0;0.0
2;5000;VEV_4000;1262;11;1260;26;0;0;1284;11;1286;26;0;0;1273.0;0.0
2;5000;VEV_5000;272;32;0;0;0;0;279;9;280;23;0;0;275.5;0.0
2;5100;VEV_5300;54;19;0;0;0;0;57;19;0;0;0;0;55.5;0.0
2;5100;VEV_5200;107;9;106;16;0;0;110;25;0;0;0;0;108.5;0.0
2;5100;VEV_5100;182;9;181;16;0;0;186;9;187;16;0;0;184.0;0.0
2;5100;VEV_4000;1262;10;1260;27;0;0;1284;10;1286;27;0;0;1273.0;0.0
2;5100;VEV_5000;272;25;0;0;0;0;279;9;280;16;0;0;275.5;0.0
2;5100;VEV_6000;0;19;0;0;0;0;1;19;0;0;0;0;0.5;0.0
2;5100;HYDROGEL_PACK;10016;11;10014;24;0;0;10032;11;10035;24;0;0;10024.0;0.0
2;5100;VELVETFRUIT_EXTRACT;5270;71;0;0;0;0;5276;71;0;0;0;0;5273.0;0.0
2;5100;VEV_4500;765;9;763;16;0;0;781;9;783;16;0;0;773.0;0.0
2;5100;VEV_5500;7;19;0;0;0;0;8;19;0;0;0;0;7.5;0.0
2;5100;VEV_5400;18;19;0;0;0;0;19;19;0;0;0;0;18.5;0.0
2;5100;VEV_6500;0;11;0;0;0;0;1;11;0;0;0;0;0.5;0.0
2;5200;VEV_4500;765;12;763;24;0;0;781;12;783;24;0;0;773.0;0.0
2;5200;VEV_5500;7;22;0;0;0;0;8;22;0;0;0;0;7.5;0.0
2;5200;VEV_5400;18;22;0;0;0;0;19;22;0;0;0;0;18.5;0.0
2;5200;VEV_6500;0;16;0;0;0;0;1;16;0;0;0;0;0.5;0.0
2;5200;VEV_5300;54;22;0;0;0;0;57;22;0;0;0;0;55.5;0.0
2;5200;VEV_5200;107;12;106;24;0;0;110;36;0;0;0;0;108.5;0.0
2;5200;HYDROGEL_PACK;10011;15;10009;29;0;0;10027;15;10030;29;0;0;10019.0;0.0
2;5200;VEV_5100;182;12;181;24;0;0;186;12;187;24;0;0;184.0;0.0
2;5200;VEV_4000;1262;14;1260;24;0;0;1284;14;1286;24;0;0;1273.0;0.0
2;5200;VEV_5000;272;36;0;0;0;0;279;12;280;24;0;0;275.5;0.0
2;5200;VEV_6000;0;22;0;0;0;0;1;22;0;0;0;0;0.5;0.0
2;5200;VELVETFRUIT_EXTRACT;5270;56;0;0;0;0;5276;56;0;0;0;0;5273.0;0.0
2;5300;HYDROGEL_PACK;10010;15;10007;21;0;0;10026;15;10028;21;0;0;10018.0;0.0
2;5300;VELVETFRUIT_EXTRACT;5271;21;5270;40;0;0;5276;21;5277;40;0;0;5273.5;0.0
2;5300;VEV_4500;765;11;763;18;0;0;782;11;784;18;0;0;773.5;0.0
2;5300;VEV_5500;7;20;0;0;0;0;8;20;0;0;0;0;7.5;0.0
2;5300;VEV_5400;18;20;0;0;0;0;19;20;0;0;0;0;18.5;0.0
2;5300;VEV_6500;0;13;0;0;0;0;1;13;0;0;0;0;0.5;0.0
2;5300;VEV_5300;54;20;0;0;0;0;57;20;0;0;0;0;55.5;0.0
2;5300;VEV_5200;107;29;0;0;0;0;110;29;0;0;0;0;108.5;0.0
2;5300;VEV_5100;182;29;0;0;0;0;187;29;0;0;0;0;184.5;0.0
2;5300;VEV_4000;1263;7;1260;26;0;0;1284;7;1287;26;0;0;1273.5;0.0
2;5300;VEV_5000;273;11;272;18;0;0;279;11;280;18;0;0;276.0;0.0
2;5300;VEV_6000;0;20;0;0;0;0;1;20;0;0;0;0;0.5;0.0
2;5400;VEV_6000;0;19;0;0;0;0;1;19;0;0;0;0;0.5;0.0
2;5400;VELVETFRUIT_EXTRACT;5270;53;0;0;0;0;5276;53;0;0;0;0;5273.0;0.0
2;5400;VEV_4500;765;10;763;18;0;0;781;10;783;18;0;0;773.0;0.0
2;5400;VEV_5500;7;19;0;0;0;0;8;19;0;0;0;0;7.5;0.0
2;5400;VEV_5400;18;19;0;0;0;0;19;19;0;0;0;0;18.5;0.0
2;5400;VEV_6500;0;17;0;0;0;0;1;17;0;0;0;0;0.5;0.0
2;5400;VEV_5300;54;19;0;0;0;0;57;19;0;0;0;0;55.5;0.0
2;5400;VEV_5200;107;10;106;18;0;0;110;28;0;0;0;0;108.5;0.0
2;5400;HYDROGEL_PACK;10011;14;10008;20;0;0;10027;14;10029;20;0;0;10019.0;0.0
2;5400;VEV_4000;1262;12;1260;26;0;0;1284;12;1286;26;0;0;1273.0;0.0
2;5400;VEV_5100;182;10;181;18;0;0;186;10;187;18;0;0;184.0;0.0
2;5400;VEV_5000;272;28;0;0;0;0;279;10;280;18;0;0;275.5;0.0
2;5500;VEV_6500;0;15;0;0;0;0;1;15;0;0;0;0;0.5;0.0
2;5500;VEV_5300;55;28;0;0;0;0;58;28;0;0;0;0;56.5;0.0
2;5500;VEV_5200;109;7;108;21;0;0;112;28;0;0;0;0;110.5;0.0
2;5500;VEV_4000;1265;13;1263;21;0;0;1287;13;1289;21;0;0;1276.0;0.0
2;5500;VEV_5100;184;28;0;0;0;0;189;28;0;0;0;0;186.5;0.0
2;5500;VEV_5000;275;7;274;21;0;0;282;28;0;0;0;0;278.5;0.0
2;5500;HYDROGEL_PACK;10012;13;10010;28;0;0;10028;13;10031;28;0;0;10020.0;0.0
2;5500;VELVETFRUIT_EXTRACT;5273;63;0;0;0;0;5278;24;5279;39;0;0;5275.5;0.0
2;5500;VEV_6000;0;28;0;0;0;0;1;28;0;0;0;0;0.5;0.0
2;5500;VEV_4500;768;7;766;21;0;0;784;7;786;21;0;0;776.0;0.0
2;5500;VEV_5500;7;28;0;0;0;0;8;28;0;0;0;0;7.5;0.0
2;5500;VEV_5400;18;28;0;0;0;0;20;28;0;0;0;0;19.0;0.0
2;5600;VEV_4500;768;9;766;12;0;0;784;9;786;12;0;0;776.0;0.0
2;5600;VEV_5500;7;22;0;0;0;0;8;22;0;0;0;0;7.5;0.0
2;5600;VEV_5400;18;22;0;0;0;0;20;22;0;0;0;0;19.0;0.0
2;5600;VEV_5300;56;5;55;17;0;0;58;22;0;0;0;0;57.0;0.0
2;5600;VEV_5200;109;9;108;12;0;0;112;21;0;0;0;0;110.5;0.0
2;5600;HYDROGEL_PACK;10012;14;10010;21;0;0;10029;14;10031;21;0;0;10020.5;0.0
2;5600;VEV_4000;1265;11;1263;21;0;0;1287;11;1289;21;0;0;1276.0;0.0
2;5600;VEV_5100;184;21;0;0;0;0;189;21;0;0;0;0;186.5;0.0
2;5600;VEV_5000;275;21;0;0;0;0;282;9;283;12;0;0;278.5;0.0
2;5600;VEV_6000;0;22;0;0;0;0;1;22;0;0;0;0;0.5;0.0
2;5600;VEV_6500;0;13;0;0;0;0;1;13;0;0;0;0;0.5;0.0
2;5600;VELVETFRUIT_EXTRACT;5273;68;0;0;0;0;5279;68;0;0;0;0;5276.0;0.0
2;5700;HYDROGEL_PACK;10010;12;10008;29;0;0;10026;12;10029;29;0;0;10018.0;0.0
2;5700;VELVETFRUIT_EXTRACT;5273;69;0;0;0;0;5279;69;0;0;0;0;5276.0;0.0
2;5700;VEV_6000;0;26;0;0;0;0;1;26;0;0;0;0;0.5;0.0
2;5700;VEV_4500;768;10;766;15;0;0;784;10;786;15;0;0;776.0;0.0
2;5700;VEV_5500;7;26;0;0;0;0;8;26;0;0;0;0;7.5;0.0
2;5700;VEV_5400;18;26;0;0;0;0;20;26;0;0;0;0;19.0;0.0
2;5700;VEV_6500;0;14;0;0;0;0;1;14;0;0;0;0;0.5;0.0
2;5700;VEV_5300;56;7;55;19;0;0;58;26;0;0;0;0;57.0;0.0
2;5700;VEV_5200;109;10;108;15;0;0;112;25;0;0;0;0;110.5;0.0
2;5700;VEV_4000;1265;8;1263;19;0;0;1287;8;1289;19;0;0;1276.0;0.0
2;5700;VEV_5100;184;25;0;0;0;0;189;25;0;0;0;0;186.5;0.0
2;5700;VEV_5000;275;25;0;0;0;0;282;25;0;0;0;0;278.5;0.0
2;5800;VEV_6500;0;16;0;0;0;0;1;16;0;0;0;0;0.5;0.0
2;5800;VELVETFRUIT_EXTRACT;5272;22;5271;30;0;0;5277;22;5278;30;0;0;5274.5;0.0
2;5800;VEV_4500;766;11;764;13;0;0;783;11;785;13;0;0;774.5;0.0
2;5800;VEV_5500;7;25;0;0;0;0;8;25;0;0;0;0;7.5;0.0
2;5800;VEV_5400;18;25;0;0;0;0;19;10;20;15;0;0;18.5;0.0
2;5800;VEV_5300;55;25;0;0;0;0;57;25;0;0;0;0;56.0;0.0
2;5800;VEV_5200;108;11;107;13;0;0;111;24;0;0;0;0;109.5;0.0
2;5800;HYDROGEL_PACK;10012;10;10009;28;0;0;10028;10;10030;28;0;0;10020.0;0.0
2;5800;VEV_4000;1264;13;1261;21;0;0;1285;13;1288;21;0;0;1274.5;0.0
2;5800;VEV_5100;183;11;182;13;0;0;188;24;0;0;0;0;185.5;0.0
2;5800;VEV_5000;274;11;273;13;0;0;280;11;281;13;0;0;277.0;0.0
2;5800;VEV_6000;0;25;0;0;0;0;1;25;0;0;0;0;0.5;0.0
2;5900;VEV_6500;0;12;0;0;0;0;1;12;0;0;0;0;0.5;0.0
2;5900;VEV_5300;55;23;0;0;0;0;57;9;58;14;0;0;56.0;0.0
2;5900;VEV_5200;108;20;0;0;0;0;111;20;0;0;0;0;109.5;0.0
2;5900;VEV_4000;1264;9;1262;26;0;0;1286;9;1288;26;0;0;1275.0;0.0
2;5900;VEV_5100;183;20;0;0;0;0;188;20;0;0;0;0;185.5;0.0
2;5900;VEV_5000;274;7;273;13;0;0;281;20;0;0;0;0;277.5;0.0
2;5900;HYDROGEL_PACK;10011;15;10009;29;0;0;10027;15;10030;29;0;0;10019.0;0.0
2;5900;VELVETFRUIT_EXTRACT;5275;9;5272;72;0;0;5277;23;5278;49;0;0;5276.0;0.0
2;5900;VEV_6000;0;23;0;0;0;0;1;23;0;0;0;0;0.5;0.0
2;5900;VEV_4500;767;7;765;13;0;0;783;7;785;13;0;0;775.0;0.0
2;5900;VEV_5500;7;23;0;0;0;0;8;23;0;0;0;0;7.5;0.0
2;5900;VEV_5400;18;23;0;0;0;0;20;23;0;0;0;0;19.0;0.0
2;6000;VEV_4500;767;11;765;16;0;0;784;11;786;16;0;0;775.5;0.0
2;6000;HYDROGEL_PACK;10010;15;10007;30;0;0;10026;15;10028;30;0;0;10018.0;0.0
2;6000;VEV_4000;1265;15;1262;23;0;0;1286;15;1289;23;0;0;1275.5;0.0
2;6000;VEV_5000;275;11;274;16;0;0;281;11;282;16;0;0;278.0;0.0
2;6000;VEV_6000;0;28;0;0;0;0;1;28;0;0;0;0;0.5;0.0
2;6000;VEV_5100;184;11;183;16;0;0;188;11;189;16;0;0;186.0;0.0
2;6000;VEV_5200;108;27;0;0;0;0;111;11;112;16;0;0;109.5;0.0
2;6000;VEV_5300;55;28;0;0;0;0;58;28;0;0;0;0;56.5;0.0
2;6000;VEV_5400;18;28;0;0;0;0;20;28;0;0;0;0;19.0;0.0
2;6000;VEV_6500;0;15;0;0;0;0;1;15;0;0;0;0;0.5;0.0
2;6000;VEV_5500;7;28;0;0;0;0;8;28;0;0;0;0;7.5;0.0
2;6000;VELVETFRUIT_EXTRACT;5273;19;5272;35;0;0;5278;19;5279;35;0;0;5275.5;0.0
2;6100;HYDROGEL_PACK;10012;11;10009;28;0;0;10028;11;10030;28;0;0;10020.0;0.0
2;6100;VELVETFRUIT_EXTRACT;5275;12;5272;56;0;0;5278;56;0;0;0;0;5276.5;0.0
2;6100;VEV_6000;0;21;0;0;0;0;1;21;0;0;0;0;0.5;0.0
2;6100;VEV_5000;274;27;0;0;0;0;281;8;282;19;0;0;277.5;0.0
2;6100;VEV_5100;183;27;0;0;0;0;188;27;0;0;0;0;185.5;0.0
2;6100;VEV_4500;767;8;765;19;0;0;783;8;785;19;0;0;775.0;0.0
2;6100;VEV_5200;108;27;0;0;0;0;111;27;0;0;0;0;109.5;0.0
2;6100;VEV_5300;55;21;0;0;0;0;57;8;58;13;0;0;56.0;0.0
2;6100;VEV_5400;18;21;0;0;0;0;20;21;0;0;0;0;19.0;0.0
2;6100;VEV_6500;0;14;0;0;0;0;1;14;0;0;0;0;0.5;0.0
2;6100;VEV_5500;7;21;0;0;0;0;8;21;0;0;0;0;7.5;0.0
2;6100;VEV_4000;1264;12;1262;16;0;0;1286;12;1288;16;0;0;1275.0;0.0
2;6200;VEV_5000;275;12;274;12;0;0;281;12;282;12;0;0;278.0;0.0
2;6200;VEV_5100;184;12;183;12;0;0;188;12;189;12;0;0;186.0;0.0
2;6200;VEV_5200;108;24;0;0;0;0;111;12;112;12;0;0;109.5;0.0
2;6200;VEV_5300;55;23;0;0;0;0;58;23;0;0;0;0;56.5;0.0
2;6200;VEV_5400;18;23;0;0;0;0;20;23;0;0;0;0;19.0;0.0
2;6200;VEV_6500;0;16;0;0;0;0;1;16;0;0;0;0;0.5;0.0
2;6200;VEV_5500;7;23;0;0;0;0;8;23;0;0;0;0;7.5;0.0
2;6200;VELVETFRUIT_EXTRACT;5273;15;5272;49;0;0;5278;15;5279;49;0;0;5275.5;0.0
2;6200;VEV_4500;767;12;765;12;0;0;784;12;786;12;0;0;775.5;0.0
2;6200;HYDROGEL_PACK;10012;11;10009;20;0;0;10028;11;10030;20;0;0;10020.0;0.0
2;6200;VEV_4000;1265;14;1262;27;0;0;1286;14;1289;27;0;0;1275.5;0.0
2;6200;VEV_6000;0;23;0;0;0;0;1;23;0;0;0;0;0.5;0.0
2;6300;VEV_5400;18;24;0;0;0;0;19;9;20;15;0;0;18.5;0.0
2;6300;VEV_6500;0;18;0;0;0;0;1;18;0;0;0;0;0.5;0.0
2;6300;VEV_5500;7;24;0;0;0;0;8;24;0;0;0;0;7.5;0.0
2;6300;VEV_4000;1264;13;1261;30;0;0;1285;13;1288;30;0;0;1274.5;0.0
2;6300;HYDROGEL_PACK;10013;12;10010;22;0;0;10029;12;10031;22;0;0;10021.0;0.0
2;6300;VELVETFRUIT_EXTRACT;5275;14;5272;24;5271;44;5277;24;5278;44;0;0;5276.0;0.0
2;6300;VEV_6000;0;24;0;0;0;0;1;24;0;0;0;0;0.5;0.0
2;6300;VEV_5000;274;8;273;13;0;0;280;8;281;13;0;0;277.0;0.0
2;6300;VEV_5100;183;8;182;13;0;0;188;21;0;0;0;0;185.5;0.0
2;6300;VEV_4500;766;8;764;13;0;0;783;8;785;13;0;0;774.5;0.0
2;6300;VEV_5200;108;8;107;13;0;0;111;21;0;0;0;0;109.5;0.0
2;6300;VEV_5300;55;24;0;0;0;0;57;24;0;0;0;0;56.0;0.0
2;6400;VEV_4500;765;11;764;15;0;0;782;11;784;15;0;0;773.5;0.0
2;6400;HYDROGEL_PACK;10010;14;10008;23;0;0;10026;14;10029;23;0;0;10018.0;0.0
2;6400;VEV_4000;1263;7;1260;28;0;0;1284;7;1287;28;0;0;1273.5;0.0
2;6400;VEV_6000;0;25;0;0;0;0;1;25;0;0;0;0;0.5;0.0
2;6400;VEV_5000;273;11;272;15;0;0;280;26;0;0;0;0;276.5;0.0
2;6400;VEV_5100;182;26;0;0;0;0;187;26;0;0;0;0;184.5;0.0
2;6400;VEV_5200;107;26;0;0;0;0;110;11;111;15;0;0;108.5;0.0
2;6400;VEV_5300;54;25;0;0;0;0;57;25;0;0;0;0;55.5;0.0
2;6400;VEV_5400;18;25;0;0;0;0;19;25;0;0;0;0;18.5;0.0
2;6400;VEV_6500;0;13;0;0;0;0;1;13;0;0;0;0;0.5;0.0
2;6400;VEV_5500;7;25;0;0;0;0;8;25;0;0;0;0;7.5;0.0
2;6400;VELVETFRUIT_EXTRACT;5271;59;0;0;0;0;5276;22;5277;37;0;0;5273.5;0.0
2;6500;HYDROGEL_PACK;10013;13;10011;24;0;0;10029;13;10032;24;0;0;10021.0;0.0
2;6500;VELVETFRUIT_EXTRACT;5271;22;5270;46;0;0;5276;22;5277;46;0;0;5273.5;0.0
2;6500;VEV_6000;0;22;0;0;0;0;1;22;0;0;0;0;0.5;0.0
2;6500;VEV_5000;273;7;272;15;0;0;279;7;280;15;0;0;276.0;0.0
2;6500;VEV_5100;182;22;0;0;0;0;187;22;0;0;0;0;184.5;0.0
2;6500;VEV_5200;107;22;0;0;0;0;110;22;0;0;0;0;108.5;0.0
2;6500;VEV_5300;54;22;0;0;0;0;57;22;0;0;0;0;55.5;0.0
2;6500;VEV_5400;18;22;0;0;0;0;19;22;0;0;0;0;18.5;0.0
2;6500;VEV_6500;0;15;0;0;0;0;1;15;0;0;0;0;0.5;0.0
2;6500;VEV_5500;7;22;0;0;0;0;8;22;0;0;0;0;7.5;0.0
2;6500;VEV_4000;1263;7;1260;16;0;0;1284;7;1287;16;0;0;1273.5;0.0
2;6500;VEV_4500;765;7;763;15;0;0;782;7;784;15;0;0;773.5;0.0
2;6600;VEV_5000;272;24;0;0;0;0;279;10;280;14;0;0;275.5;0.0
2;6600;VEV_4000;1262;12;1260;28;0;0;1284;12;1286;28;0;0;1273.0;0.0
2;6600;VEV_5100;182;10;181;14;0;0;186;10;187;14;0;0;184.0;0.0
2;6600;VEV_5200;107;10;106;14;0;0;110;24;0;0;0;0;108.5;0.0
2;6600;VEV_5300;54;23;0;0;0;0;56;10;57;13;0;0;55.0;0.0
2;6600;VEV_5400;18;23;0;0;0;0;19;23;0;0;0;0;18.5;0.0
2;6600;VEV_6500;0;12;0;0;0;0;1;12;0;0;0;0;0.5;0.0
2;6600;VELVETFRUIT_EXTRACT;5270;68;0;0;0;0;5276;68;0;0;0;0;5273.0;0.0
2;6600;VEV_5500;7;23;0;0;0;0;8;23;0;0;0;0;7.5;0.0
2;6600;VEV_4500;765;10;763;14;0;0;781;10;783;14;0;0;773.0;0.0
2;6600;HYDROGEL_PACK;10011;15;10009;25;0;0;10028;15;10030;25;0;0;10019.5;0.0
2;6600;VEV_6000;0;23;0;0;0;0;1;23;0;0;0;0;0.5;0.0
2;6700;VEV_5400;18;9;17;13;0;0;19;22;0;0;0;0;18.5;0.0
2;6700;VEV_6500;0;15;0;0;0;0;1;15;0;0;0;0;0.5;0.0
2;6700;VEV_5500;7;22;0;0;0;0;8;22;0;0;0;0;7.5;0.0
2;6700;VEV_4500;764;9;762;20;0;0;781;9;783;20;0;0;772.5;0.0
2;6700;HYDROGEL_PACK;10014;13;10012;29;0;0;10030;13;10033;29;0;0;10022.0;0.0
2;6700;VELVETFRUIT_EXTRACT;5270;22;5269;32;0;0;5275;22;5276;32;0;0;5272.5;0.0
2;6700;VEV_6000;0;22;0;0;0;0;1;22;0;0;0;0;0.5;0.0
2;6700;VEV_5000;272;9;271;20;0;0;278;9;279;20;0;0;275.0;0.0
2;6700;VEV_4000;1262;15;1259;24;0;0;1283;15;1286;24;0;0;1272.5;0.0
2;6700;VEV_5100;181;29;0;0;0;0;186;29;0;0;0;0;183.5;0.0
2;6700;VEV_5200;106;29;0;0;0;0;109;9;110;20;0;0;107.5;0.0
2;6700;VEV_5300;54;22;0;0;0;0;56;22;0;0;0;0;55.0;0.0
2;6800;HYDROGEL_PACK;10016;10;10013;30;0;0;10032;10;10034;30;0;0;10024.0;0.0
2;6800;VEV_6000;0;20;0;0;0;0;1;20;0;0;0;0;0.5;0.0
2;6800;VEV_5000;272;8;271;24;0;0;278;8;279;24;0;0;275.0;0.0
2;6800;VEV_4000;1262;10;1259;30;0;0;1283;10;1286;30;0;0;1272.5;0.0
2;6800;VEV_5100;181;32;0;0;0;0;186;32;0;0;0;0;183.5;0.0
2;6800;VEV_5200;106;32;0;0;0;0;110;32;0;0;0;0;108.0;0.0
2;6800;VEV_5300;54;20;0;0;0;0;56;20;0;0;0;0;55.0;0.0
2;6800;VEV_5400;18;5;17;15;0;0;19;20;0;0;0;0;18.5;0.0
2;6800;VEV_6500;0;19;0;0;0;0;1;19;0;0;0;0;0.5;0.0
2;6800;VELVETFRUIT_EXTRACT;5270;16;5269;41;0;0;5275;16;5276;41;0;0;5272.5;0.0
2;6800;VEV_5500;7;20;0;0;0;0;8;20;0;0;0;0;7.5;0.0
2;6800;VEV_4500;764;8;762;24;0;0;781;8;783;24;0;0;772.5;0.0
2;6900;HYDROGEL_PACK;10013;12;10010;22;0;0;10029;12;10031;22;0;0;10021.0;0.0
2;6900;VELVETFRUIT_EXTRACT;5271;19;5270;41;0;0;5276;19;5277;41;0;0;5273.5;0.0
2;6900;VEV_6000;0;19;0;0;0;0;1;19;0;0;0;0;0.5;0.0
2;6900;VEV_5000;273;8;272;16;0;0;279;8;280;16;0;0;276.0;0.0
2;6900;VEV_4000;1263;12;1260;20;0;0;1284;12;1287;20;0;0;1273.5;0.0
2;6900;VEV_5100;182;8;181;16;0;0;187;24;0;0;0;0;184.5;0.0
2;6900;VEV_5200;107;24;0;0;0;0;110;24;0;0;0;0;108.5;0.0
2;6900;VEV_5300;54;19;0;0;0;0;57;19;0;0;0;0;55.5;0.0
2;6900;VEV_5400;18;19;0;0;0;0;19;19;0;0;0;0;18.5;0.0
2;6900;VEV_6500;0;18;0;0;0;0;1;18;0;0;0;0;0.5;0.0
2;6900;VEV_5500;7;19;0;0;0;0;8;19;0;0;0;0;7.5;0.0
2;6900;VEV_4500;765;8;763;16;0;0;782;8;784;16;0;0;773.5;0.0
2;7000;VEV_5000;271;23;0;0;0;0;278;9;279;14;0;0;274.5;0.0
2;7000;VEV_4000;1261;13;1259;24;0;0;1283;13;1285;24;0;0;1272.0;0.0
2;7000;VEV_5100;181;9;180;14;0;0;185;9;186;14;0;0;183.0;0.0
2;7000;VEV_5200;106;23;0;0;0;0;109;23;0;0;0;0;107.5;0.0
2;7000;VEV_5300;54;26;0;0;0;0;56;26;0;0;0;0;55.0;0.0
2;7000;VEV_5400;17;26;0;0;0;0;19;26;0;0;0;0;18.0;0.0
2;7000;VEV_6500;0;15;0;0;0;0;1;15;0;0;0;0;0.5;0.0
2;7000;VELVETFRUIT_EXTRACT;5269;70;0;0;0;0;5271;11;5275;70;0;0;5270.0;0.0
2;7000;VEV_5500;7;26;0;0;0;0;8;26;0;0;0;0;7.5;0.0
2;7000;VEV_4500;764;9;762;14;0;0;780;9;782;14;0;0;772.0;0.0
2;7000;HYDROGEL_PACK;10015;11;10012;22;0;0;10031;11;10033;22;0;0;10023.0;0.0
2;7000;VEV_6000;0;26;0;0;0;0;1;26;0;0;0;0;0.5;0.0
2;7100;VEV_5500;6;24;0;0;0;0;8;24;0;0;0;0;7.0;0.0
2;7100;VEV_5400;17;24;0;0;0;0;19;24;0;0;0;0;18.0;0.0
2;7100;VEV_6500;0;11;0;0;0;0;1;11;0;0;0;0;0.5;0.0
2;7100;VEV_4500;762;7;760;22;0;0;779;7;781;22;0;0;770.5;0.0
2;7100;HYDROGEL_PACK;10013;15;10010;25;0;0;10029;15;10031;25;0;0;10021.0;0.0
2;7100;VELVETFRUIT_EXTRACT;5268;15;5267;47;0;0;5273;15;5274;47;0;0;5270.5;0.0
2;7100;VEV_6000;0;24;0;0;0;0;1;24;0;0;0;0;0.5;0.0
2;7100;VEV_5100;179;29;0;0;0;0;184;7;185;22;0;0;181.5;0.0
2;7100;VEV_5000;270;7;269;22;0;0;276;7;277;22;0;0;273.0;0.0
2;7100;VEV_4000;1260;14;1257;18;0;0;1281;14;1284;18;0;0;1270.5;0.0
2;7100;VEV_5300;53;24;0;0;0;0;55;6;56;18;0;0;54.0;0.0
2;7100;VEV_5200;105;29;0;0;0;0;108;29;0;0;0;0;106.5;0.0
2;7200;HYDROGEL_PACK;10011;11;10009;20;0;0;10027;11;10030;20;0;0;10019.0;0.0
2;7200;VEV_6000;0;18;0;0;0;0;1;18;0;0;0;0;0.5;0.0
2;7200;VEV_5100;180;7;179;12;0;0;184;7;185;12;0;0;182.0;0.0
2;7200;VEV_4000;1260;10;1258;17;0;0;1281;10;1284;17;0;0;1270.5;0.0
2;7200;VEV_5000;270;19;0;0;0;0;277;19;0;0;0;0;273.5;0.0
2;7200;VEV_5300;53;18;0;0;0;0;55;8;56;10;0;0;54.0;0.0
2;7200;VEV_5200;105;19;0;0;0;0;108;7;109;12;0;0;106.5;0.0
2;7200;VEV_5500;6;18;0;0;0;0;8;18;0;0;0;0;7.0;0.0
2;7200;VEV_5400;17;18;0;0;0;0;19;18;0;0;0;0;18.0;0.0
2;7200;VEV_6500;0;10;0;0;0;0;1;10;0;0;0;0;0.5;0.0
2;7200;VELVETFRUIT_EXTRACT;5268;61;0;0;0;0;5273;23;5274;38;0;0;5270.5;0.0
2;7200;VEV_4500;763;7;761;12;0;0;779;7;781;12;0;0;771.0;0.0
2;7300;HYDROGEL_PACK;10009;11;10006;21;0;0;10025;11;10027;21;0;0;10017.0;0.0
2;7300;VELVETFRUIT_EXTRACT;5268;56;0;0;0;0;5274;56;0;0;0;0;5271.0;0.0
2;7300;VEV_6000;0;23;0;0;0;0;1;23;0;0;0;0;0.5;0.0
2;7300;VEV_5100;180;11;179;22;0;0;184;11;185;22;0;0;182.0;0.0
2;7300;VEV_4000;1260;9;1258;21;0;0;1282;9;1284;21;0;0;1271.0;0.0
2;7300;VEV_5000;270;33;0;0;0;0;277;11;278;22;0;0;273.5;0.0
2;7300;VEV_5300;53;23;0;0;0;0;56;23;0;0;0;0;54.5;0.0
2;7300;VEV_5200;105;33;0;0;0;0;108;11;109;22;0;0;106.5;0.0
2;7300;VEV_5500;6;23;0;0;0;0;8;23;0;0;0;0;7.0;0.0
2;7300;VEV_5400;17;23;0;0;0;0;19;23;0;0;0;0;18.0;0.0
2;7300;VEV_6500;0;19;0;0;0;0;1;19;0;0;0;0;0.5;0.0
2;7300;VEV_4500;763;11;761;22;0;0;779;11;781;22;0;0;771.0;0.0
2;7400;VEV_5100;181;29;0;0;0;0;186;29;0;0;0;0;183.5;0.0
2;7400;VEV_4000;1262;14;1260;25;0;0;1283;14;1286;25;0;0;1272.5;0.0
2;7400;VEV_5000;272;7;271;22;0;0;279;29;0;0;0;0;275.5;0.0
2;7400;VEV_5300;54;20;0;0;0;0;56;10;57;10;0;0;55.0;0.0
2;7400;VEV_5200;107;7;106;22;0;0;110;29;0;0;0;0;108.5;0.0
2;7400;VEV_5500;7;20;0;0;0;0;8;20;0;0;0;0;7.5;0.0
2;7400;VEV_5400;18;20;0;0;0;0;19;20;0;0;0;0;18.5;0.0
2;7400;VEV_6500;0;12;0;0;0;0;1;12;0;0;0;0;0.5;0.0
2;7400;VELVETFRUIT_EXTRACT;5270;72;0;0;0;0;5275;23;5276;49;0;0;5272.5;0.0
2;7400;VEV_4500;765;7;763;22;0;0;781;7;783;22;0;0;773.0;0.0
2;7400;HYDROGEL_PACK;10008;15;10006;26;0;0;10025;15;10027;26;0;0;10016.5;0.0
2;7400;VEV_6000;0;20;0;0;0;0;1;20;0;0;0;0;0.5;0.0
2;7500;VEV_5500;7;19;0;0;0;0;8;19;0;0;0;0;7.5;0.0
2;7500;VEV_5400;18;19;0;0;0;0;19;19;0;0;0;0;18.5;0.0
2;7500;VEV_6500;0;17;0;0;0;0;1;17;0;0;0;0;0.5;0.0
2;7500;VEV_4500;766;8;764;22;0;0;782;8;784;22;0;0;774.0;0.0
2;7500;VELVETFRUIT_EXTRACT;5271;69;0;0;0;0;5277;69;0;0;0;0;5274.0;0.0
2;7500;VEV_6000;0;19;0;0;0;0;1;19;0;0;0;0;0.5;0.0
2;7500;VEV_5100;182;30;0;0;0;0;187;8;188;22;0;0;184.5;0.0
2;7500;VEV_4000;1263;12;1261;15;0;0;1285;12;1287;15;0;0;1274.0;0.0
2;7500;VEV_5000;273;30;0;0;0;0;280;8;281;22;0;0;276.5;0.0
2;7500;VEV_5300;55;8;54;11;0;0;57;19;0;0;0;0;56.0;0.0
2;7500;VEV_5200;107;30;0;0;0;0;111;30;0;0;0;0;109.0;0.0
2;7500;HYDROGEL_PACK;10009;14;10007;21;0;0;10025;14;10028;21;0;0;10017.0;0.0
2;7600;HYDROGEL_PACK;10010;14;10008;30;0;0;10018;5;10026;14;10029;30;10014.0;0.0
2;7600;VEV_6000;0;23;0;0;0;0;1;23;0;0;0;0;0.5;0.0
2;7600;VEV_5100;181;12;180;12;0;0;185;12;186;12;0;0;183.0;0.0
2;7600;VEV_4000;1261;9;1259;24;0;0;1283;9;1285;24;0;0;1272.0;0.0
2;7600;VEV_5000;272;12;271;12;0;0;278;12;279;12;0;0;275.0;0.0
2;7600;VEV_5300;54;23;0;0;0;0;56;23;0;0;0;0;55.0;0.0
2;7600;VEV_5200;106;24;0;0;0;0;109;12;110;12;0;0;107.5;0.0
2;7600;VEV_5500;7;23;0;0;0;0;8;23;0;0;0;0;7.5;0.0
2;7600;VEV_5400;17;23;0;0;0;0;19;23;0;0;0;0;18.0;0.0
2;7600;VEV_6500;0;14;0;0;0;0;1;14;0;0;0;0;0.5;0.0
2;7600;VELVETFRUIT_EXTRACT;5270;19;5269;38;0;0;5275;57;0;0;0;0;5272.5;0.0
2;7600;VEV_4500;764;12;762;12;0;0;780;12;782;12;0;0;772.0;0.0
2;7700;VELVETFRUIT_EXTRACT;5270;55;0;0;0;0;5276;55;0;0;0;0;5273.0;0.0
2;7700;VEV_6000;0;19;0;0;0;0;1;19;0;0;0;0;0.5;0.0
2;7700;VEV_4000;1262;14;1260;24;0;0;1284;14;1286;24;0;0;1273.0;0.0
2;7700;VEV_5100;182;11;181;17;0;0;186;11;187;17;0;0;184.0;0.0
2;7700;VEV_5000;272;28;0;0;0;0;279;11;280;17;0;0;275.5;0.0
2;7700;VEV_5300;54;19;0;0;0;0;57;19;0;0;0;0;55.5;0.0
2;7700;VEV_5200;107;11;106;17;0;0;110;28;0;0;0;0;108.5;0.0
2;7700;HYDROGEL_PACK;10008;10;10005;25;0;0;10024;10;10026;25;0;0;10016.0;0.0
2;7700;VEV_5500;7;19;0;0;0;0;8;19;0;0;0;0;7.5;0.0
2;7700;VEV_5400;18;19;0;0;0;0;19;19;0;0;0;0;18.5;0.0
2;7700;VEV_6500;0;11;0;0;0;0;1;11;0;0;0;0;0.5;0.0
2;7700;VEV_4500;765;11;763;17;0;0;781;11;783;17;0;0;773.0;0.0
2;7800;VEV_4000;1270;2;1260;11;1258;16;1282;11;1284;16;0;0;1276.0;0.0
2;7800;VEV_5100;182;2;180;12;179;23;184;12;185;23;0;0;183.0;0.0
2;7800;VEV_5000;273;2;270;35;0;0;277;12;278;23;0;0;275.0;0.0
2;7800;VEV_5300;54;2;53;19;0;0;56;19;0;0;0;0;55.0;0.0
2;7800;VEV_5200;106;2;105;35;0;0;108;12;109;23;0;0;107.0;0.0
2;7800;VELVETFRUIT_EXTRACT;5268;64;0;0;0;0;5274;64;0;0;0;0;5271.0;0.0
2;7800;VEV_5500;7;2;6;19;0;0;8;19;0;0;0;0;7.5;0.0
2;7800;VEV_5400;17;21;0;0;0;0;19;19;0;0;0;0;18.0;0.0
2;7800;VEV_6500;0;23;0;0;0;0;1;21;0;0;0;0;0.5;0.0
2;7800;VEV_4500;770;2;763;12;761;23;779;12;781;23;0;0;774.5;0.0
2;7800;HYDROGEL_PACK;10006;11;10004;22;0;0;10022;11;10025;22;0;0;10014.0;0.0
2;7800;VEV_6000;0;21;0;0;0;0;1;19;0;0;0;0;0.5;0.0
2;7900;VEV_5500;7;18;0;0;0;0;8;18;0;0;0;0;7.5;0.0
2;7900;VEV_5400;17;18;0;0;0;0;19;18;0;0;0;0;18.0;0.0
2;7900;VEV_6500;0;18;0;0;0;0;1;18;0;0;0;0;0.5;0.0
2;7900;VEV_4500;763;9;762;16;0;0;780;9;782;16;0;0;771.5;0.0
2;7900;VELVETFRUIT_EXTRACT;5269;59;0;0;0;0;5274;23;5275;36;0;0;5271.5;0.0
2;7900;VEV_6000;0;18;0;0;0;0;1;18;0;0;0;0;0.5;0.0
2;7900;VEV_4000;1261;11;1258;19;0;0;1282;11;1285;19;0;0;1271.5;0.0
2;7900;VEV_5100;180;25;0;0;0;0;185;9;186;16;0;0;182.5;0.0
2;7900;VEV_5000;271;9;270;16;0;0;278;25;0;0;0;0;274.5;0.0
2;7900;VEV_5300;54;6;53;12;0;0;56;18;0;0;0;0;55.0;0.0
2;7900;VEV_5200;106;25;0;0;0;0;109;25;0;0;0;0;107.5;0.0
2;7900;HYDROGEL_PACK;10006;13;10003;23;0;0;10022;13;10024;23;0;0;10014.0;0.0
2;8000;HYDROGEL_PACK;10004;15;10001;22;0;0;10020;15;10022;22;0;0;10012.0;0.0
2;8000;VEV_6000;0;26;0;0;0;0;1;26;0;0;0;0;0.5;0.0
2;8000;VEV_4000;1260;10;1258;30;0;0;1281;10;1284;30;0;0;1270.5;0.0
2;8000;VEV_5100;180;11;179;23;0;0;184;11;185;23;0;0;182.0;0.0
2;8000;VEV_5000;270;34;0;0;0;0;277;34;0;0;0;0;273.5;0.0
2;8000;VEV_5300;53;26;0;0;0;0;55;9;56;17;0;0;54.0;0.0
2;8000;VEV_5200;105;34;0;0;0;0;108;11;109;23;0;0;106.5;0.0
2;8000;VELVETFRUIT_EXTRACT;5271;11;5268;56;0;0;5273;24;5274;32;0;0;5272.0;0.0
2;8000;VEV_5500;6;26;0;0;0;0;8;26;0;0;0;0;7.0;0.0
2;8000;VEV_5400;17;26;0;0;0;0;19;26;0;0;0;0;18.0;0.0
2;8000;VEV_6500;0;16;0;0;0;0;1;16;0;0;0;0;0.5;0.0
2;8000;VEV_4500;763;11;761;23;0;0;779;11;781;23;0;0;771.0;0.0
2;8100;VELVETFRUIT_EXTRACT;5268;18;5267;41;0;0;5273;18;5274;41;0;0;5270.5;0.0
2;8100;VEV_6000;0;17;0;0;0;0;1;17;0;0;0;0;0.5;0.0
2;8100;VEV_4000;1260;10;1257;15;0;0;1281;10;1284;15;0;0;1270.5;0.0
2;8100;VEV_5100;179;27;0;0;0;0;184;27;0;0;0;0;181.5;0.0
2;8100;VEV_5000;270;10;269;17;0;0;276;10;277;17;0;0;273.0;0.0
2;8100;VEV_5300;53;17;0;0;0;0;55;17;0;0;0;0;54.0;0.0
2;8100;VEV_5200;105;27;0;0;0;0;108;27;0;0;0;0;106.5;0.0
2;8100;HYDROGEL_PACK;10007;10;10005;30;0;0;10023;10;10026;30;0;0;10015.0;0.0
2;8100;VEV_5500;6;17;0;0;0;0;8;17;0;0;0;0;7.0;0.0
2;8100;VEV_5400;17;17;0;0;0;0;19;17;0;0;0;0;18.0;0.0
2;8100;VEV_6500;0;18;0;0;0;0;1;18;0;0;0;0;0.5;0.0
2;8100;VEV_4500;762;10;760;17;0;0;779;10;781;17;0;0;770.5;0.0
2;8200;VEV_4000;1259;12;1257;29;0;0;1281;12;1283;29;0;0;1270.0;0.0
2;8200;VEV_5200;105;10;104;21;0;0;108;31;0;0;0;0;106.5;0.0
2;8200;VEV_5100;179;31;0;0;0;0;184;31;0;0;0;0;181.5;0.0
2;8200;VEV_5300;53;19;0;0;0;0;55;19;0;0;0;0;54.0;0.0
2;8200;VEV_5000;270;10;269;21;0;0;276;10;277;21;0;0;273.0;0.0
2;8200;VELVETFRUIT_EXTRACT;5267;56;0;0;0;0;5273;56;0;0;0;0;5270.0;0.0
2;8200;VEV_5400;17;19;0;0;0;0;18;5;19;14;0;0;17.5;0.0
2;8200;VEV_6500;0;15;0;0;0;0;1;15;0;0;0;0;0.5;0.0
2;8200;VEV_4500;762;10;760;21;0;0;778;10;780;21;0;0;770.0;0.0
2;8200;VEV_5500;6;19;0;0;0;0;8;19;0;0;0;0;7.0;0.0
2;8200;HYDROGEL_PACK;10006;12;10004;24;0;0;10022;12;10025;24;0;0;10014.0;0.0
2;8200;VEV_6000;0;19;0;0;0;0;1;19;0;0;0;0;0.5;0.0
2;8300;VEV_5400;17;20;0;0;0;0;18;20;0;0;0;0;17.5;0.0
2;8300;VEV_6500;0;13;0;0;0;0;1;13;0;0;0;0;0.5;0.0
2;8300;VEV_4500;761;6;759;23;0;0;778;6;780;23;0;0;769.5;0.0
2;8300;VEV_5500;6;20;0;0;0;0;8;20;0;0;0;0;7.0;0.0
2;8300;VELVETFRUIT_EXTRACT;5267;24;5266;49;0;0;5272;24;5273;49;0;0;5269.5;0.0
2;8300;VEV_6000;0;20;0;0;0;0;1;20;0;0;0;0;0.5;0.0
2;8300;VEV_4000;1259;11;1256;30;0;0;1280;11;1283;30;0;0;1269.5;0.0
2;8300;VEV_5200;104;29;0;0;0;0;108;29;0;0;0;0;106.0;0.0
2;8300;VEV_5300;53;20;0;0;0;0;55;20;0;0;0;0;54.0;0.0
2;8300;VEV_5000;269;6;268;23;0;0;276;29;0;0;0;0;272.5;0.0
2;8300;VEV_5100;179;6;178;23;0;0;183;6;184;23;0;0;181.0;0.0
2;8300;HYDROGEL_PACK;10011;15;10008;23;0;0;10027;15;10029;23;0;0;10019.0;0.0
2;8400;HYDROGEL_PACK;10010;13;10007;23;0;0;10026;13;10028;23;0;0;10018.0;0.0
2;8400;VEV_6000;0;23;0;0;0;0;1;23;0;0;0;0;0.5;0.0
2;8400;VEV_4000;1260;14;1258;18;0;0;1282;14;1284;18;0;0;1271.0;0.0
2;8400;VEV_5200;105;31;0;0;0;0;109;31;0;0;0;0;107.0;0.0
2;8400;VEV_5300;53;23;0;0;0;0;56;23;0;0;0;0;54.5;0.0
2;8400;VEV_5000;271;8;270;23;0;0;277;8;278;23;0;0;274.0;0.0
2;8400;VEV_5100;180;8;179;23;0;0;185;31;0;0;0;0;182.5;0.0
2;8400;VELVETFRUIT_EXTRACT;5268;66;0;0;0;0;5274;66;0;0;0;0;5271.0;0.0
2;8400;VEV_5400;17;23;0;0;0;0;19;23;0;0;0;0;18.0;0.0
2;8400;VEV_6500;0;17;0;0;0;0;1;17;0;0;0;0;0.5;0.0
2;8400;VEV_4500;763;8;761;23;0;0;779;8;781;23;0;0;771.0;0.0
2;8400;VEV_5500;7;23;0;0;0;0;8;23;0;0;0;0;7.5;0.0
2;8500;VELVETFRUIT_EXTRACT;5271;9;5268;64;0;0;5273;19;5274;45;0;0;5272.0;0.0
2;8500;VEV_6000;0;18;0;0;0;0;1;18;0;0;0;0;0.5;0.0
2;8500;VEV_4000;1260;7;1257;18;0;0;1281;7;1284;18;0;0;1270.5;0.0
2;8500;VEV_5200;105;36;0;0;0;0;108;12;109;24;0;0;106.5;0.0
2;8500;VEV_5300;53;18;0;0;0;0;56;18;0;0;0;0;54.5;0.0
2;8500;VEV_5000;270;12;269;24;0;0;277;36;0;0;0;0;273.5;0.0
2;8500;VEV_5100;180;12;179;24;0;0;184;12;185;24;0;0;182.0;0.0
2;8500;HYDROGEL_PACK;10010;14;10008;21;0;0;10026;14;10029;21;0;0;10018.0;0.0
2;8500;VEV_5400;17;18;0;0;0;0;19;18;0;0;0;0;18.0;0.0
2;8500;VEV_6500;0;20;0;0;0;0;1;20;0;0;0;0;0.5;0.0
2;8500;VEV_4500;762;12;761;24;0;0;779;12;781;24;0;0;770.5;0.0
2;8500;VEV_5500;6;18;0;0;0;0;8;18;0;0;0;0;7.0;0.0
2;8600;VEV_4000;1260;13;1257;19;0;0;1281;13;1284;19;0;0;1270.5;0.0
2;8600;VEV_5200;105;27;0;0;0;0;108;9;109;18;0;0;106.5;0.0
2;8600;VEV_5300;53;22;0;0;0;0;56;22;0;0;0;0;54.5;0.0
2;8600;VEV_5000;270;27;0;0;0;0;277;27;0;0;0;0;273.5;0.0
2;8600;VEV_5100;180;9;179;18;0;0;184;9;185;18;0;0;182.0;0.0
2;8600;VELVETFRUIT_EXTRACT;5268;62;0;0;0;0;5273;22;5274;40;0;0;5270.5;0.0
2;8600;VEV_5400;17;22;0;0;0;0;19;22;0;0;0;0;18.0;0.0
2;8600;VEV_6500;0;18;0;0;0;0;1;18;0;0;0;0;0.5;0.0
2;8600;VEV_4500;762;9;761;18;0;0;779;9;781;18;0;0;770.5;0.0
2;8600;VEV_5500;6;22;0;0;0;0;8;22;0;0;0;0;7.0;0.0
2;8600;HYDROGEL_PACK;10012;13;10009;24;0;0;10028;13;10030;24;0;0;10020.0;0.0
2;8600;VEV_6000;0;22;0;0;0;0;1;22;0;0;0;0;0.5;0.0
2;8700;VEV_4500;760;10;759;16;0;0;777;10;779;16;0;0;768.5;0.0
2;8700;VEV_5400;17;21;0;0;0;0;18;21;0;0;0;0;17.5;0.0
2;8700;VEV_6500;0;12;0;0;0;0;1;12;0;0;0;0;0.5;0.0
2;8700;VEV_5500;6;21;0;0;0;0;7;7;8;14;0;0;6.5;0.0
2;8700;VELVETFRUIT_EXTRACT;5266;60;0;0;0;0;5271;17;5272;43;0;0;5268.5;0.0
2;8700;VEV_6000;0;21;0;0;0;0;1;21;0;0;0;0;0.5;0.0
2;8700;VEV_4000;1258;10;1255;26;0;0;1279;10;1282;26;0;0;1268.5;0.0
2;8700;VEV_5200;104;26;0;0;0;0;107;26;0;0;0;0;105.5;0.0
2;8700;VEV_5300;52;21;0;0;0;0;55;21;0;0;0;0;53.5;0.0
2;8700;VEV_5000;268;26;0;0;0;0;275;26;0;0;0;0;271.5;0.0
2;8700;HYDROGEL_PACK;10009;11;10006;30;0;0;10025;11;10027;30;0;0;10017.0;0.0
2;8700;VEV_5100;178;10;177;16;0;0;183;26;0;0;0;0;180.5;0.0
2;8800;HYDROGEL_PACK;10007;15;10005;22;0;0;10023;15;10026;22;0;0;10015.0;0.0
2;8800;VELVETFRUIT_EXTRACT;5265;67;0;0;0;0;5270;23;5271;44;0;0;5267.5;0.0
2;8800;VEV_6000;0;22;0;0;0;0;1;22;0;0;0;0;0.5;0.0
2;8800;VEV_5200;103;29;0;0;0;0;106;8;107;21;0;0;104.5;0.0
2;8800;VEV_5300;52;22;0;0;0;0;54;22;0;0;0;0;53.0;0.0
2;8800;VEV_5000;267;29;0;0;0;0;274;8;275;21;0;0;270.5;0.0
2;8800;VEV_4000;1257;14;1255;19;0;0;1278;14;1281;19;0;0;1267.5;0.0
2;8800;VEV_5100;177;29;0;0;0;0;182;29;0;0;0;0;179.5;0.0
2;8800;VEV_4500;760;8;758;21;0;0;776;8;778;21;0;0;768.0;0.0
2;8800;VEV_5400;17;22;0;0;0;0;18;22;0;0;0;0;17.5;0.0
2;8800;VEV_6500;0;16;0;0;0;0;1;16;0;0;0;0;0.5;0.0
2;8800;VEV_5500;6;22;0;0;0;0;7;22;0;0;0;0;6.5;0.0
2;8900;VEV_6000;0;21;0;0;0;0;1;21;0;0;0;0;0.5;0.0
2;8900;VEV_5200;103;22;0;0;0;0;106;6;107;16;0;0;104.5;0.0
2;8900;VEV_5300;52;21;0;0;0;0;54;21;0;0;0;0;53.0;0.0
2;8900;VEV_5000;267;22;0;0;0;0;274;22;0;0;0;0;270.5;0.0
2;8900;HYDROGEL_PACK;10009;11;10006;27;0;0;10025;11;10027;27;0;0;10017.0;0.0
2;8900;VEV_4000;1257;10;1254;15;0;0;1278;10;1281;15;0;0;1267.5;0.0
2;8900;VEV_5100;177;22;0;0;0;0;182;22;0;0;0;0;179.5;0.0
2;8900;VEV_4500;759;6;758;16;0;0;776;6;778;16;0;0;767.5;0.0
2;8900;VEV_5400;17;21;0;0;0;0;18;21;0;0;0;0;17.5;0.0
2;8900;VEV_6500;0;16;0;0;0;0;1;16;0;0;0;0;0.5;0.0
2;8900;VEV_5500;6;21;0;0;0;0;7;21;0;0;0;0;6.5;0.0
2;8900;VELVETFRUIT_EXTRACT;5265;24;5264;31;0;0;5270;24;5271;31;0;0;5267.5;0.0
2;9000;VEV_5200;103;25;0;0;0;0;106;25;0;0;0;0;104.5;0.0
2;9000;VEV_5300;52;27;0;0;0;0;54;27;0;0;0;0;53.0;0.0
2;9000;VEV_5000;267;11;266;14;0;0;273;11;274;14;0;0;270.0;0.0
2;9000;VEV_4000;1256;10;1254;28;0;0;1278;10;1280;28;0;0;1267.0;0.0
2;9000;VEV_5100;177;11;176;14;0;0;181;11;182;14;0;0;179.0;0.0
2;9000;VEV_4500;759;11;757;14;0;0;775;11;777;14;0;0;767.0;0.0
2;9000;VEV_5400;16;27;0;0;0;0;18;27;0;0;0;0;17.0;0.0
2;9000;VEV_6500;0;16;0;0;0;0;1;16;0;0;0;0;0.5;0.0
2;9000;VEV_5500;6;27;0;0;0;0;7;27;0;0;0;0;6.5;0.0
2;9000;HYDROGEL_PACK;10012;14;10009;20;0;0;10028;14;10030;20;0;0;10020.0;0.0
2;9000;VELVETFRUIT_EXTRACT;5265;22;5264;40;0;0;5270;62;0;0;0;0;5267.5;0.0
2;9000;VEV_6000;0;27;0;0;0;0;1;27;0;0;0;0;0.5;0.0
2;9100;VEV_4500;758;6;757;15;0;0;775;6;777;15;0;0;766.5;0.0
2;9100;VEV_5400;16;18;0;0;0;0;18;18;0;0;0;0;17.0;0.0
2;9100;VEV_6500;0;11;0;0;0;0;1;11;0;0;0;0;0.5;0.0
2;9100;VEV_5500;6;18;0;0;0;0;7;18;0;0;0;0;6.5;0.0
2;9100;VELVETFRUIT_EXTRACT;5264;68;0;0;0;0;5266;9;5269;20;5270;48;5265.0;0.0
2;9100;VEV_6000;0;18;0;0;0;0;1;18;0;0;0;0;0.5;0.0
2;9100;VEV_5200;103;6;102;15;0;0;106;21;0;0;0;0;104.5;0.0
2;9100;VEV_5300;51;18;0;0;0;0;54;18;0;0;0;0;52.5;0.0
2;9100;VEV_5000;266;21;0;0;0;0;273;21;0;0;0;0;269.5;0.0
2;9100;HYDROGEL_PACK;10011;12;10009;25;0;0;10027;12;10030;25;0;0;10019.0;0.0
2;9100;VEV_4000;1256;10;1253;22;0;0;1277;10;1280;22;0;0;1266.5;0.0
2;9100;VEV_5100;176;21;0;0;0;0;181;21;0;0;0;0;178.5;0.0
2;9200;HYDROGEL_PACK;10011;12;10009;21;0;0;10027;12;10030;21;0;0;10019.0;0.0
2;9200;VELVETFRUIT_EXTRACT;5263;64;0;0;0;0;5269;64;0;0;0;0;5266.0;0.0
2;9200;VEV_6000;0;26;0;0;0;0;1;26;0;0;0;0;0.5;0.0
2;9200;VEV_5200;102;36;0;0;0;0;105;36;0;0;0;0;103.5;0.0
2;9200;VEV_5300;51;26;0;0;0;0;54;26;0;0;0;0;52.5;0.0
2;9200;VEV_5000;266;12;265;24;0;0;272;12;273;24;0;0;269.0;0.0
2;9200;VEV_4000;1255;8;1253;29;0;0;1277;8;1279;29;0;0;1266.0;0.0
2;9200;VEV_5100;176;12;175;24;0;0;180;12;181;24;0;0;178.0;0.0
2;9200;VEV_4500;758;12;756;24;0;0;774;12;776;24;0;0;766.0;0.0
2;9200;VEV_5400;16;26;0;0;0;0;18;26;0;0;0;0;17.0;0.0
2;9200;VEV_6500;0;18;0;0;0;0;1;18;0;0;0;0;0.5;0.0
2;9200;VEV_5500;6;26;0;0;0;0;7;26;0;0;0;0;6.5;0.0
2;9300;VEV_6000;0;20;0;0;0;0;1;20;0;0;0;0;0.5;0.0
2;9300;VEV_5300;51;20;0;0;0;0;53;20;0;0;0;0;52.0;0.0
2;9300;VEV_5200;102;7;101;20;0;0;105;27;0;0;0;0;103.5;0.0
2;9300;VEV_5000;265;27;0;0;0;0;272;27;0;0;0;0;268.5;0.0
2;9300;HYDROGEL_PACK;10012;12;10009;23;0;0;10028;12;10030;23;0;0;10020.0;0.0
2;9300;VEV_4000;1255;7;1252;30;0;0;1276;7;1279;30;0;0;1265.5;0.0
2;9300;VEV_5100;175;27;0;0;0;0;180;27;0;0;0;0;177.5;0.0
2;9300;VEV_4500;757;7;755;20;0;0;774;7;775;20;0;0;765.5;0.0
2;9300;VEV_5500;6;20;0;0;0;0;7;20;0;0;0;0;6.5;0.0
2;9300;VEV_5400;16;20;0;0;0;0;18;20;0;0;0;0;17.0;0.0
2;9300;VEV_6500;0;15;0;0;0;0;1;15;0;0;0;0;0.5;0.0
2;9300;VELVETFRUIT_EXTRACT;5263;23;5262;35;0;0;5268;23;5269;35;0;0;5265.5;0.0
2;9400;VEV_5300;50;19;0;0;0;0;53;19;0;0;0;0;51.5;0.0
2;9400;VEV_5200;101;27;0;0;0;0;104;27;0;0;0;0;102.5;0.0
2;9400;VEV_5100;174;27;0;0;0;0;179;27;0;0;0;0;176.5;0.0
2;9400;VEV_4000;1254;11;1251;26;0;0;1275;11;1277;26;0;0;1264.5;0.0
2;9400;VEV_5000;264;12;263;15;0;0;270;12;271;15;0;0;267.0;0.0
2;9400;VEV_4500;756;12;754;15;0;0;772;12;774;15;0;0;764.0;0.0
2;9400;VEV_5500;6;19;0;0;0;0;7;19;0;0;0;0;6.5;0.0
2;9400;VEV_5400;16;19;0;0;0;0;17;19;0;0;0;0;16.5;0.0
2;9400;VEV_6500;0;17;0;0;0;0;1;17;0;0;0;0;0.5;0.0
2;9400;HYDROGEL_PACK;10011;10;10009;30;0;0;10019;10;10027;10;10030;30;10015.0;0.0
2;9400;VELVETFRUIT_EXTRACT;5262;24;5261;47;0;0;5267;71;0;0;0;0;5264.5;0.0
2;9400;VEV_6000;0;19;0;0;0;0;1;19;0;0;0;0;0.5;0.0
2;9500;VEV_4500;755;9;753;13;0;0;771;9;773;13;0;0;763.0;0.0
2;9500;VEV_5500;6;21;0;0;0;0;7;21;0;0;0;0;6.5;0.0
2;9500;VEV_5400;16;21;0;0;0;0;17;21;0;0;0;0;16.5;0.0
2;9500;VEV_6500;0;19;0;0;0;0;1;19;0;0;0;0;0.5;0.0
2;9500;VELVETFRUIT_EXTRACT;5261;20;5260;47;0;0;5266;67;0;0;0;0;5263.5;0.0
2;9500;VEV_6000;0;21;0;0;0;0;1;21;0;0;0;0;0.5;0.0
2;9500;VEV_5300;50;21;0;0;0;0;52;21;0;0;0;0;51.0;0.0
2;9500;VEV_5200;100;22;0;0;0;0;103;9;104;13;0;0;101.5;0.0
2;9500;VEV_5100;173;22;0;0;0;0;178;22;0;0;0;0;175.5;0.0
2;9500;HYDROGEL_PACK;10012;14;10010;27;0;0;10028;14;10031;27;0;0;10020.0;0.0
2;9500;VEV_4000;1253;13;1250;18;0;0;1274;13;1276;18;0;0;1263.5;0.0
2;9500;VEV_5000;263;9;262;13;0;0;269;9;270;13;0;0;266.0;0.0
2;9600;HYDROGEL_PACK;10014;10;10011;30;0;0;10030;10;10032;30;0;0;10022.0;0.0
2;9600;VELVETFRUIT_EXTRACT;5260;66;0;0;0;0;5265;20;5266;46;0;0;5262.5;0.0
2;9600;VEV_6000;0;20;0;0;0;0;1;20;0;0;0;0;0.5;0.0
2;9600;VEV_5300;50;20;0;0;0;0;52;20;0;0;0;0;51.0;0.0
2;9600;VEV_5200;100;31;0;0;0;0;103;31;0;0;0;0;101.5;0.0
2;9600;VEV_5100;173;9;172;22;0;0;177;9;178;22;0;0;175.0;0.0
2;9600;VEV_4000;1252;11;1250;18;0;0;1273;11;1276;18;0;0;1262.5;0.0
2;9600;VEV_5000;263;9;262;22;0;0;269;9;270;22;0;0;266.0;0.0
2;9600;VEV_4500;755;9;753;22;0;0;771;9;773;22;0;0;763.0;0.0
2;9600;VEV_5500;6;20;0;0;0;0;7;20;0;0;0;0;6.5;0.0
2;9600;VEV_5400;16;20;0;0;0;0;17;20;0;0;0;0;16.5;0.0
2;9600;VEV_6500;0;19;0;0;0;0;1;19;0;0;0;0;0.5;0.0
2;9700;VEV_6000;0;24;0;0;0;0;1;24;0;0;0;0;0.5;0.0
2;9700;VEV_5300;50;24;0;0;0;0;52;24;0;0;0;0;51.0;0.0
2;9700;VEV_5200;100;25;0;0;0;0;103;25;0;0;0;0;101.5;0.0
2;9700;HYDROGEL_PACK;10014;15;10012;26;0;0;10030;15;10033;26;0;0;10022.0;0.0
2;9700;VEV_5100;173;7;172;18;0;0;177;7;178;18;0;0;175.0;0.0
2;9700;VEV_4000;1252;7;1249;25;0;0;1273;7;1276;25;0;0;1262.5;0.0
2;9700;VEV_5000;262;25;0;0;0;0;269;25;0;0;0;0;265.5;0.0
2;9700;VEV_4500;754;7;752;18;0;0;771;7;772;18;0;0;762.5;0.0
2;9700;VEV_5500;6;24;0;0;0;0;7;24;0;0;0;0;6.5;0.0
2;9700;VEV_5400;16;5;15;19;0;0;17;24;0;0;0;0;16.5;0.0
2;9700;VEV_6500;0;14;0;0;0;0;1;14;0;0;0;0;0.5;0.0
2;9700;VELVETFRUIT_EXTRACT;5260;23;5259;43;0;0;5265;23;5266;43;0;0;5262.5;0.0
2;9800;VEV_5300;50;20;0;0;0;0;52;20;0;0;0;0;51.0;0.0
2;9800;VEV_5200;100;12;99;18;0;0;103;30;0;0;0;0;101.5;0.0
2;9800;VEV_5100;173;12;172;18;0;0;177;12;178;18;0;0;175.0;0.0
2;9800;VEV_4000;1252;11;1249;30;0;0;1273;11;1276;30;0;0;1262.5;0.0
2;9800;VEV_5000;262;30;0;0;0;0;269;30;0;0;0;0;265.5;0.0
2;9800;VEV_4500;754;12;752;18;0;0;771;12;772;18;0;0;762.5;0.0
2;9800;VEV_5500;6;20;0;0;0;0;7;20;0;0;0;0;6.5;0.0
2;9800;VEV_5400;16;20;0;0;0;0;17;20;0;0;0;0;16.5;0.0
2;9800;VEV_6500;0;20;0;0;0;0;1;20;0;0;0;0;0.5;0.0
2;9800;HYDROGEL_PACK;10013;13;10011;29;0;0;10029;13;10032;29;0;0;10021.0;0.0
2;9800;VELVETFRUIT_EXTRACT;5260;16;5259;31;0;0;5265;16;5266;31;0;0;5262.5;0.0
2;9800;VEV_6000;0;20;0;0;0;0;1;20;0;0;0;0;0.5;0.0
2;9900;VEV_4500;754;8;752;14;0;0;770;8;772;14;0;0;762.0;0.0
2;9900;VEV_5500;6;25;0;0;0;0;7;25;0;0;0;0;6.5;0.0
2;9900;VEV_5400;15;25;0;0;0;0;17;25;0;0;0;0;16.0;0.0
2;9900;VEV_6500;0;11;0;0;0;0;1;11;0;0;0;0;0.5;0.0
2;9900;VELVETFRUIT_EXTRACT;5261;5;5259;60;0;0;5265;60;0;0;0;0;5263.0;0.0
2;9900;VEV_6000;0;25;0;0;0;0;1;25;0;0;0;0;0.5;0.0
2;9900;VEV_5300;50;5;49;20;0;0;52;25;0;0;0;0;51.0;0.0
2;9900;VEV_5200;99;22;0;0;0;0;102;8;103;14;0;0;100.5;0.0
2;9900;HYDROGEL_PACK;10013;11;10010;29;0;0;10029;11;10031;29;0;0;10021.0;0.0
2;9900;VEV_4000;1251;11;1249;28;0;0;1273;11;1275;28;0;0;1262.0;0.0
2;9900;VEV_5100;172;22;0;0;0;0;177;22;0;0;0;0;174.5;0.0
2;9900;VEV_5000;262;8;261;14;0;0;268;8;269;14;0;0;265.0;0.0
2;10000;HYDROGEL_PACK;10015;13;10013;23;0;0;10031;13;10034;23;0;0;10023.0;0.0
2;10000;VELVETFRUIT_EXTRACT;5260;48;0;0;0;0;5265;18;5266;30;0;0;5262.5;0.0
2;10000;VEV_6000;0;24;0;0;0;0;1;24;0;0;0;0;0.5;0.0
2;10000;VEV_6500;0;16;0;0;0;0;1;16;0;0;0;0;0.5;0.0
2;10000;VEV_5300;50;24;0;0;0;0;52;24;0;0;0;0;51.0;0.0
2;10000;VEV_5200;100;21;0;0;0;0;103;21;0;0;0;0;101.5;0.0
2;10000;VEV_4000;1252;13;1250;29;0;0;1273;13;1276;29;0;0;1262.5;0.0
2;10000;VEV_5100;173;21;0;0;0;0;177;8;178;13;0;0;175.0;0.0
2;10000;VEV_5000;263;8;262;13;0;0;269;8;270;13;0;0;266.0;0.0
2;10000;VEV_4500;755;8;753;13;0;0;771;8;773;13;0;0;763.0;0.0
2;10000;VEV_5500;6;24;0;0;0;0;7;24;0;0;0;0;6.5;0.0
2;10000;VEV_5400;16;24;0;0;0;0;17;24;0;0;0;0;16.5;0.0
2;10100;VEV_5300;50;19;0;0;0;0;52;19;0;0;0;0;51.0;0.0
2;10100;VEV_5200;100;22;0;0;0;0;103;22;0;0;0;0;101.5;0.0
2;10100;HYDROGEL_PACK;10018;10;10016;22;0;0;10034;10;10037;22;0;0;10026.0;0.0
2;10100;VEV_4000;1252;15;1250;26;0;0;1274;15;1276;26;0;0;1263.0;0.0
2;10100;VEV_5100;173;22;0;0;0;0;178;22;0;0;0;0;175.5;0.0
2;10100;VEV_5000;263;9;262;13;0;0;269;9;270;13;0;0;266.0;0.0
2;10100;VEV_6000;0;19;0;0;0;0;1;19;0;0;0;0;0.5;0.0
2;10100;VEV_4500;755;9;753;13;0;0;771;9;773;13;0;0;763.0;0.0
2;10100;VEV_5500;6;19;0;0;0;0;7;19;0;0;0;0;6.5;0.0
2;10100;VEV_5400;16;19;0;0;0;0;17;19;0;0;0;0;16.5;0.0
2;10100;VEV_6500;0;18;0;0;0;0;1;18;0;0;0;0;0.5;0.0
2;10100;VELVETFRUIT_EXTRACT;5260;56;0;0;0;0;5266;56;0;0;0;0;5263.0;0.0
2;10200;VEV_6500;0;13;0;0;0;0;1;13;0;0;0;0;0.5;0.0
2;10200;VEV_5300;50;5;49;20;0;0;52;25;0;0;0;0;51.0;0.0
2;10200;VEV_5200;99;27;0;0;0;0;102;11;103;16;0;0;100.5;0.0
2;10200;VEV_4000;1251;14;1249;29;0;0;1273;14;1275;29;0;0;1262.0;0.0
2;10200;VEV_5100;172;27;0;0;0;0;177;27;0;0;0;0;174.5;0.0
2;10200;VEV_5000;262;11;261;16;0;0;268;11;269;16;0;0;265.0;0.0
2;10200;VEV_4500;754;11;752;16;0;0;770;11;772;16;0;0;762.0;0.0
2;10200;VEV_5500;6;25;0;0;0;0;7;25;0;0;0;0;6.5;0.0
2;10200;VEV_5400;15;25;0;0;0;0;17;25;0;0;0;0;16.0;0.0
2;10200;HYDROGEL_PACK;10017;11;10015;23;0;0;10033;11;10036;23;0;0;10025.0;0.0
2;10200;VELVETFRUIT_EXTRACT;5259;67;0;0;0;0;5265;67;0;0;0;0;5262.0;0.0
2;10200;VEV_6000;0;25;0;0;0;0;1;25;0;0;0;0;0.5;0.0
2;10300;VEV_4500;753;11;751;22;0;0;769;11;771;22;0;0;761.0;0.0
2;10300;VEV_5500;6;26;0;0;0;0;7;26;0;0;0;0;6.5;0.0
2;10300;VEV_5400;15;26;0;0;0;0;17;26;0;0;0;0;16.0;0.0
2;10300;VEV_6500;0;21;0;0;0;0;1;21;0;0;0;0;0.5;0.0
2;10300;VELVETFRUIT_EXTRACT;5258;47;0;0;0;0;5263;15;5264;32;0;0;5260.5;0.0
2;10300;VEV_5300;49;26;0;0;0;0;51;26;0;0;0;0;50.0;0.0
2;10300;VEV_5200;99;11;98;22;0;0;102;33;0;0;0;0;100.5;0.0
2;10300;HYDROGEL_PACK;10017;12;10014;21;0;0;10033;12;10035;21;0;0;10025.0;0.0
2;10300;VEV_4000;1250;15;1248;27;0;0;1271;15;1274;27;0;0;1260.5;0.0
2;10300;VEV_5100;171;33;0;0;0;0;176;33;0;0;0;0;173.5;0.0
2;10300;VEV_5000;261;11;260;22;0;0;267;11;268;22;0;0;264.0;0.0
2;10300;VEV_6000;0;26;0;0;0;0;1;26;0;0;0;0;0.5;0.0
2;10400;HYDROGEL_PACK;10015;12;10013;21;0;0;10031;12;10034;21;0;0;10023.0;0.0
2;10400;VELVETFRUIT_EXTRACT;5259;73;0;0;0;0;5265;73;0;0;0;0;5262.0;0.0
2;10400;VEV_6000;0;25;0;0;0;0;1;25;0;0;0;0;0.5;0.0
2;10400;VEV_5400;15;25;0;0;0;0;17;25;0;0;0;0;16.0;0.0
2;10400;VEV_6500;0;14;0;0;0;0;1;14;0;0;0;0;0.5;0.0
2;10400;VEV_5200;99;27;0;0;0;0;102;6;103;21;0;0;100.5;0.0
2;10400;VEV_5500;6;25;0;0;0;0;7;25;0;0;0;0;6.5;0.0
2;10400;VEV_4000;1251;15;1249;19;0;0;1273;15;1275;19;0;0;1262.0;0.0
2;10400;VEV_5100;172;27;0;0;0;0;177;27;0;0;0;0;174.5;0.0
2;10400;VEV_5000;262;6;261;21;0;0;268;6;269;21;0;0;265.0;0.0
2;10400;VEV_4500;754;6;752;21;0;0;770;6;772;21;0;0;762.0;0.0
2;10400;VEV_5300;50;7;49;18;0;0;52;25;0;0;0;0;51.0;0.0
2;10500;VEV_5000;261;34;0;0;0;0;268;34;0;0;0;0;264.5;0.0
2;10500;VEV_5100;172;11;171;23;0;0;176;11;177;23;0;0;174.0;0.0
2;10500;VEV_5200;99;34;0;0;0;0;102;34;0;0;0;0;100.5;0.0
2;10500;VEV_5300;49;25;0;0;0;0;51;5;52;20;0;0;50.0;0.0
2;10500;HYDROGEL_PACK;10011;11;10009;29;0;0;10027;11;10030;29;0;0;10019.0;0.0
2;10500;VEV_4000;1251;13;1248;22;0;0;1272;13;1274;22;0;0;1261.5;0.0
2;10500;VEV_6000;0;25;0;0;0;0;1;25;0;0;0;0;0.5;0.0
2;10500;VEV_4500;753;11;751;23;0;0;769;11;771;23;0;0;761.0;0.0
2;10500;VEV_5400;15;25;0;0;0;0;17;25;0;0;0;0;16.0;0.0
2;10500;VEV_6500;0;16;0;0;0;0;1;16;0;0;0;0;0.5;0.0
2;10500;VEV_5500;6;25;0;0;0;0;7;25;0;0;0;0;6.5;0.0
2;10500;VELVETFRUIT_EXTRACT;5259;19;5258;40;0;0;5264;59;0;0;0;0;5261.5;0.0
2;10600;VEV_5400;15;27;0;0;0;0;17;27;0;0;0;0;16.0;0.0
2;10600;VEV_6500;0;11;0;0;0;0;1;11;0;0;0;0;0.5;0.0
2;10600;VEV_5500;6;27;0;0;0;0;7;27;0;0;0;0;6.5;0.0
2;10600;VEV_4000;1250;9;1248;16;0;0;1272;9;1274;16;0;0;1261.0;0.0
2;10600;VEV_5000;261;10;260;20;0;0;267;10;268;20;0;0;264.0;0.0
2;10600;VEV_5100;171;30;0;0;0;0;176;30;0;0;0;0;173.5;0.0
2;10600;VEV_4500;753;10;751;20;0;0;769;10;771;20;0;0;761.0;0.0
2;10600;VEV_5200;99;30;0;0;0;0;102;30;0;0;0;0;100.5;0.0
2;10600;VEV_5300;49;27;0;0;0;0;51;27;0;0;0;0;50.0;0.0
2;10600;HYDROGEL_PACK;10006;11;10003;26;0;0;10022;11;10024;26;0;0;10014.0;0.0
2;10600;VELVETFRUIT_EXTRACT;5258;59;0;0;0;0;5264;59;0;0;0;0;5261.0;0.0
2;10600;VEV_6000;0;27;0;0;0;0;1;27;0;0;0;0;0.5;0.0
2;10700;VEV_4500;754;8;752;14;0;0;771;8;772;14;0;0;762.5;0.0
2;10700;VEV_5400;16;8;15;12;0;0;17;20;0;0;0;0;16.5;0.0
2;10700;VEV_6500;0;10;0;0;0;0;1;10;0;0;0;0;0.5;0.0
2;10700;VEV_5500;6;20;0;0;0;0;7;20;0;0;0;0;6.5;0.0
2;10700;VELVETFRUIT_EXTRACT;5260;22;5259;36;0;0;5265;22;5266;36;0;0;5262.5;0.0
2;10700;VEV_5000;262;22;0;0;0;0;269;22;0;0;0;0;265.5;0.0
2;10700;VEV_5100;173;8;172;14;0;0;177;8;178;14;0;0;175.0;0.0
2;10700;VEV_5200;100;8;99;14;0;0;103;22;0;0;0;0;101.5;0.0
2;10700;VEV_5300;50;20;0;0;0;0;52;20;0;0;0;0;51.0;0.0
2;10700;HYDROGEL_PACK;10015;5;10007;13;10005;21;10023;13;10026;21;0;0;10019.0;0.0
2;10700;VEV_4000;1252;9;1249;27;0;0;1273;9;1276;27;0;0;1262.5;0.0
2;10700;VEV_6000;0;20;0;0;0;0;1;20;0;0;0;0;0.5;0.0
2;10800;HYDROGEL_PACK;10006;12;10004;23;0;0;10022;12;10025;23;0;0;10014.0;0.0
2;10800;VELVETFRUIT_EXTRACT;5258;70;0;0;0;0;5264;70;0;0;0;0;5261.0;0.0
2;10800;VEV_6000;0;24;0;0;0;0;1;24;0;0;0;0;0.5;0.0
2;10800;VEV_5400;15;24;0;0;0;0;17;24;0;0;0;0;16.0;0.0
2;10800;VEV_6500;0;12;0;0;0;0;1;12;0;0;0;0;0.5;0.0
2;10800;VEV_5500;6;24;0;0;0;0;7;24;0;0;0;0;6.5;0.0
2;10800;VEV_4000;1250;7;1248;28;0;0;1272;7;1274;28;0;0;1261.0;0.0
2;10800;VEV_5000;261;9;260;13;0;0;267;9;268;13;0;0;264.0;0.0
2;10800;VEV_5100;171;22;0;0;0;0;176;22;0;0;0;0;173.5;0.0
2;10800;VEV_4500;753;9;751;13;0;0;769;9;771;13;0;0;761.0;0.0
2;10800;VEV_5200;99;22;0;0;0;0;102;22;0;0;0;0;100.5;0.0
2;10800;VEV_5300;49;24;0;0;0;0;51;24;0;0;0;0;50.0;0.0
2;10900;VEV_5000;261;28;0;0;0;0;268;28;0;0;0;0;264.5;0.0
2;10900;VEV_5100;172;11;171;17;0;0;176;11;177;17;0;0;174.0;0.0
2;10900;VEV_5200;99;28;0;0;0;0;102;28;0;0;0;0;100.5;0.0
2;10900;VEV_5300;49;22;0;0;0;0;51;10;52;12;0;0;50.0;0.0
2;10900;HYDROGEL_PACK;10008;13;10006;30;0;0;10025;13;10027;30;0;0;10016.5;0.0
2;10900;VEV_4000;1251;12;1248;25;0;0;1272;12;1275;25;0;0;1261.5;0.0
2;10900;VEV_6000;0;22;0;0;0;0;1;22;0;0;0;0;0.5;0.0
2;10900;VEV_5400;15;22;0;0;0;0;17;22;0;0;0;0;16.0;0.0
2;10900;VEV_6500;0;15;0;0;0;0;1;15;0;0;0;0;0.5;0.0
2;10900;VEV_5500;6;22;0;0;0;0;7;22;0;0;0;0;6.5;0.0
2;10900;VELVETFRUIT_EXTRACT;5259;18;5258;47;0;0;5264;18;5265;47;0;0;5261.5;0.0
2;10900;VEV_4500;753;11;751;17;0;0;770;11;771;17;0;0;761.5;0.0
2;11000;VEV_5400;16;18;0;0;0;0;17;18;0;0;0;0;16.5;0.0
2;11000;VEV_6500;0;11;0;0;0;0;1;11;0;0;0;0;0.5;0.0
2;11000;VEV_5500;6;18;0;0;0;0;7;18;0;0;0;0;6.5;0.0
2;11000;VEV_4500;755;12;753;22;0;0;771;12;773;22;0;0;763.0;0.0
2;11000;VEV_5000;263;12;262;22;0;0;269;12;270;22;0;0;266.0;0.0
2;11000;VEV_4000;1252;11;1250;27;0;0;1273;11;1276;27;0;0;1262.5;0.0
2;11000;VEV_5100;173;12;172;22;0;0;177;12;178;22;0;0;175.0;0.0
2;11000;VEV_5200;100;34;0;0;0;0;103;34;0;0;0;0;101.5;0.0
2;11000;VEV_5300;50;18;0;0;0;0;52;18;0;0;0;0;51.0;0.0
2;11000;HYDROGEL_PACK;10012;11;10009;24;0;0;10028;11;10030;24;0;0;10020.0;0.0
2;11000;VELVETFRUIT_EXTRACT;5260;62;0;0;0;0;5265;16;5266;46;0;0;5262.5;0.0
2;11000;VEV_6000;0;18;0;0;0;0;1;18;0;0;0;0;0.5;0.0
2;11100;VEV_5400;16;24;0;0;0;0;17;24;0;0;0;0;16.5;0.0
2;11100;VEV_6500;0;16;0;0;0;0;1;16;0;0;0;0;0.5;0.0
2;11100;VELVETFRUIT_EXTRACT;5261;52;0;0;0;0;5267;52;0;0;0;0;5264.0;0.0
2;11100;VEV_5500;6;24;0;0;0;0;7;24;0;0;0;0;6.5;0.0
2;11100;VEV_4500;756;11;754;19;0;0;772;11;774;19;0;0;764.0;0.0
2;11100;VEV_5000;264;11;263;19;0;0;270;11;271;19;0;0;267.0;0.0
2;11100;VEV_4000;1253;13;1251;24;0;0;1275;13;1277;24;0;0;1264.0;0.0
2;11100;VEV_5100;174;11;173;19;0;0;178;11;179;19;0;0;176.0;0.0
2;11100;VEV_5200;101;11;100;19;0;0;104;30;0;0;0;0;102.5;0.0
2;11100;VEV_5300;50;24;0;0;0;0;52;10;53;14;0;0;51.0;0.0
2;11100;HYDROGEL_PACK;10015;14;10012;25;0;0;10031;14;10033;25;0;0;10023.0;0.0
2;11100;VEV_6000;0;24;0;0;0;0;1;24;0;0;0;0;0.5;0.0
2;11200;HYDROGEL_PACK;10014;10;10011;26;0;0;10030;10;10032;26;0;0;10022.0;0.0
2;11200;VELVETFRUIT_EXTRACT;5262;71;0;0;0;0;5267;24;5268;47;0;0;5264.5;0.0
2;11200;VEV_6000;0;30;0;0;0;0;1;30;0;0;0;0;0.5;0.0
2;11200;VEV_5400;16;30;0;0;0;0;17;30;0;0;0;0;16.5;0.0
2;11200;VEV_6500;0;15;0;0;0;0;1;15;0;0;0;0;0.5;0.0
2;11200;VEV_5500;6;30;0;0;0;0;7;30;0;0;0;0;6.5;0.0
2;11200;VEV_4500;757;8;755;19;0;0;773;8;775;19;0;0;765.0;0.0
2;11200;VEV_5000;264;27;0;0;0;0;271;27;0;0;0;0;267.5;0.0
2;11200;VEV_4000;1254;9;1252;18;0;0;1275;9;1278;18;0;0;1264.5;0.0
2;11200;VEV_5100;174;27;0;0;0;0;179;27;0;0;0;0;176.5;0.0
2;11200;VEV_5200;101;27;0;0;0;0;104;8;105;19;0;0;102.5;0.0
2;11200;VEV_5300;51;10;50;20;0;0;53;30;0;0;0;0;52.0;0.0
2;11300;VEV_5000;265;9;264;14;0;0;271;9;272;14;0;0;268.0;0.0
2;11300;VEV_4000;1254;15;1252;18;0;0;1276;15;1278;18;0;0;1265.0;0.0
2;11300;VEV_5100;175;9;174;14;0;0;179;9;180;14;0;0;177.0;0.0
2;11300;VEV_5200;101;23;0;0;0;0;105;23;0;0;0;0;103.0;0.0
2;11300;VEV_5300;51;23;0;0;0;0;53;23;0;0;0;0;52.0;0.0
2;11300;HYDROGEL_PACK;10012;12;10010;29;0;0;10029;12;10031;29;0;0;10020.5;0.0
2;11300;VEV_6000;0;23;0;0;0;0;1;23;0;0;0;0;0.5;0.0
2;11300;VEV_5400;16;23;0;0;0;0;17;10;18;13;0;0;16.5;0.0
2;11300;VEV_6500;0;11;0;0;0;0;1;11;0;0;0;0;0.5;0.0
2;11300;VELVETFRUIT_EXTRACT;5263;18;5262;31;0;0;5268;49;0;0;0;0;5265.5;0.0
2;11300;VEV_5500;6;23;0;0;0;0;7;23;0;0;0;0;6.5;0.0
2;11300;VEV_4500;757;9;755;14;0;0;773;9;775;14;0;0;765.0;0.0
2;11400;VEV_5400;16;17;0;0;0;0;18;17;0;0;0;0;17.0;0.0
2;11400;VEV_6500;0;12;0;0;0;0;1;12;0;0;0;0;0.5;0.0
2;11400;VEV_5500;6;17;0;0;0;0;7;17;0;0;0;0;6.5;0.0
2;11400;VEV_4500;759;9;757;15;0;0;775;9;777;15;0;0;767.0;0.0
2;11400;VEV_5000;267;9;266;15;0;0;273;9;274;15;0;0;270.0;0.0
2;11400;VEV_4000;1256;14;1254;17;0;0;1277;14;1280;17;0;0;1266.5;0.0
2;11400;VEV_5100;176;24;0;0;0;0;181;24;0;0;0;0;178.5;0.0
2;11400;VEV_5200;103;9;102;15;0;0;106;24;0;0;0;0;104.5;0.0
2;11400;VEV_5300;51;17;0;0;0;0;54;17;0;0;0;0;52.5;0.0
2;11400;HYDROGEL_PACK;10013;15;10011;22;0;0;10029;15;10032;22;0;0;10021.0;0.0
2;11400;VELVETFRUIT_EXTRACT;5264;58;0;0;0;0;5269;18;5270;40;0;0;5266.5;0.0
2;11400;VEV_6000;0;17;0;0;0;0;1;17;0;0;0;0;0.5;0.0
2;11500;VEV_5500;6;26;0;0;0;0;7;26;0;0;0;0;6.5;0.0
2;11500;VEV_5400;16;26;0;0;0;0;18;26;0;0;0;0;17.0;0.0
2;11500;VEV_6500;0;11;0;0;0;0;1;11;0;0;0;0;0.5;0.0
2;11500;VELVETFRUIT_EXTRACT;5265;25;5264;32;0;0;5270;57;0;0;0;0;5267.5;0.0
2;11500;VEV_4500;759;11;757;15;0;0;775;11;777;15;0;0;767.0;0.0
2;11500;VEV_5000;267;11;266;15;0;0;273;11;274;15;0;0;270.0;0.0
2;11500;VEV_4000;1257;11;1254;15;0;0;1278;11;1280;15;0;0;1267.5;0.0
2;11500;VEV_5100;177;11;176;15;0;0;181;11;182;15;0;0;179.0;0.0
2;11500;VEV_5200;103;26;0;0;0;0;106;26;0;0;0;0;104.5;0.0
2;11500;VEV_5300;52;26;0;0;0;0;54;26;0;0;0;0;53.0;0.0
2;11500;HYDROGEL_PACK;10012;15;10009;27;0;0;10028;15;10030;27;0;0;10020.0;0.0
2;11500;VEV_6000;0;26;0;0;0;0;1;26;0;0;0;0;0.5;0.0
2;11600;HYDROGEL_PACK;10011;11;10009;30;0;0;10027;11;10030;30;0;0;10019.0;0.0
2;11600;VELVETFRUIT_EXTRACT;5264;23;5263;34;0;0;5269;23;5270;34;0;0;5266.5;0.0
2;11600;VEV_6000;0;23;0;0;0;0;1;23;0;0;0;0;0.5;0.0
2;11600;VEV_5500;6;23;0;0;0;0;7;23;0;0;0;0;6.5;0.0
2;11600;VEV_5400;16;23;0;0;0;0;18;23;0;0;0;0;17.0;0.0
2;11600;VEV_6500;0;17;0;0;0;0;1;17;0;0;0;0;0.5;0.0
2;11600;VEV_4500;758;12;756;21;0;0;775;12;777;21;0;0;766.5;0.0
2;11600;VEV_5100;176;33;0;0;0;0;181;33;0;0;0;0;178.5;0.0
2;11600;VEV_4000;1256;8;1253;23;0;0;1277;8;1280;23;0;0;1266.5;0.0
2;11600;VEV_5000;266;12;265;21;0;0;273;33;0;0;0;0;269.5;0.0
2;11600;VEV_5300;51;23;0;0;0;0;54;23;0;0;0;0;52.5;0.0
2;11600;VEV_5200;102;33;0;0;0;0;105;12;106;21;0;0;103.5;0.0
2;11700;VEV_5100;176;19;0;0;0;0;181;19;0;0;0;0;178.5;0.0
2;11700;VEV_4000;1256;9;1254;17;0;0;1278;9;1280;17;0;0;1267.0;0.0
2;11700;VEV_5000;267;7;266;12;0;0;273;7;274;12;0;0;270.0;0.0
2;11700;VEV_5300;51;22;0;0;0;0;54;22;0;0;0;0;52.5;0.0
2;11700;VEV_5200;103;7;102;12;0;0;106;19;0;0;0;0;104.5;0.0
2;11700;HYDROGEL_PACK;10013;15;10011;22;0;0;10029;15;10032;22;0;0;10021.0;0.0
2;11700;VEV_6000;0;22;0;0;0;0;1;22;0;0;0;0;0.5;0.0
2;11700;VEV_5500;6;22;0;0;0;0;7;22;0;0;0;0;6.5;0.0
2;11700;VEV_5400;16;22;0;0;0;0;18;22;0;0;0;0;17.0;0.0
2;11700;VEV_6500;0;15;0;0;0;0;1;15;0;0;0;0;0.5;0.0
2;11700;VELVETFRUIT_EXTRACT;5264;50;0;0;0;0;5269;17;5270;33;0;0;5266.5;0.0
2;11700;VEV_4500;759;7;757;12;0;0;775;7;777;12;0;0;767.0;0.0
2;11800;VEV_5500;6;18;0;0;0;0;7;18;0;0;0;0;6.5;0.0
2;11800;VEV_5400;16;18;0;0;0;0;18;18;0;0;0;0;17.0;0.0
2;11800;VEV_6500;0;16;0;0;0;0;1;16;0;0;0;0;0.5;0.0
2;11800;VEV_4500;758;12;756;21;0;0;774;12;776;21;0;0;766.0;0.0
2;11800;VEV_5100;175;33;0;0;0;0;180;33;0;0;0;0;177.5;0.0
2;11800;VEV_4000;1255;11;1253;22;0;0;1276;11;1279;22;0;0;1265.5;0.0
2;11800;VEV_5000;266;12;265;21;0;0;272;12;273;21;0;0;269.0;0.0
2;11800;VEV_5300;51;18;0;0;0;0;53;18;0;0;0;0;52.0;0.0
2;11800;VEV_5200;102;33;0;0;0;0;105;33;0;0;0;0;103.5;0.0
2;11800;HYDROGEL_PACK;10013;14;10011;25;0;0;10029;14;10032;25;0;0;10021.0;0.0
2;11800;VELVETFRUIT_EXTRACT;5263;49;0;0;0;0;5268;17;5269;32;0;0;5265.5;0.0
2;11800;VEV_6000;0;18;0;0;0;0;1;18;0;0;0;0;0.5;0.0
2;11900;HYDROGEL_PACK;10009;11;10007;20;0;0;10025;11;10028;20;0;0;10017.0;0.0
2;11900;VEV_5500;6;22;0;0;0;0;7;22;0;0;0;0;6.5;0.0
2;11900;VEV_5400;17;10;16;12;0;0;18;22;0;0;0;0;17.5;0.0
2;11900;VEV_6500;0;14;0;0;0;0;1;14;0;0;0;0;0.5;0.0
2;11900;VELVETFRUIT_EXTRACT;5265;20;5264;37;0;0;5270;20;5271;37;0;0;5267.5;0.0
2;11900;VEV_4500;759;9;757;19;0;0;776;9;778;19;0;0;767.5;0.0
2;11900;VEV_5100;177;9;176;19;0;0;181;9;182;19;0;0;179.0;0.0
2;11900;VEV_4000;1257;12;1254;17;0;0;1278;12;1281;17;0;0;1267.5;0.0
2;11900;VEV_5000;267;9;266;19;0;0;274;28;0;0;0;0;270.5;0.0
2;11900;VEV_5300;52;22;0;0;0;0;54;22;0;0;0;0;53.0;0.0
2;11900;VEV_5200;103;28;0;0;0;0;106;9;107;19;0;0;104.5;0.0
2;11900;VEV_6000;0;22;0;0;0;0;1;22;0;0;0;0;0.5;0.0
2;12000;VELVETFRUIT_EXTRACT;5266;25;5265;36;0;0;5271;25;5272;36;0;0;5268.5;0.0
2;12000;VEV_6000;0;16;0;0;0;0;1;16;0;0;0;0;0.5;0.0
2;12000;VEV_5500;6;16;0;0;0;0;7;16;0;0;0;0;6.5;0.0
2;12000;VEV_5400;17;16;0;0;0;0;18;16;0;0;0;0;17.5;0.0
2;12000;VEV_6500;0;18;0;0;0;0;1;18;0;0;0;0;0.5;0.0
2;12000;VEV_4500;760;6;758;12;0;0;777;6;779;12;0;0;768.5;0.0
2;12000;VEV_5100;178;6;177;12;0;0;182;6;183;12;0;0;180.0;0.0
2;12000;VEV_4000;1258;15;1255;28;0;0;1279;15;1282;28;0;0;1268.5;0.0
2;12000;VEV_5000;268;6;267;12;0;0;275;18;0;0;0;0;271.5;0.0
2;12000;VEV_5300;52;16;0;0;0;0;54;5;55;11;0;0;53.0;0.0
2;12000;VEV_5200;104;18;0;0;0;0;107;18;0;0;0;0;105.5;0.0
2;12000;HYDROGEL_PACK;10010;10;10007;22;0;0;10026;10;10029;22;0;0;10018.0;0.0
2;12100;VEV_4000;1258;11;1255;30;0;0;1279;11;1282;30;0;0;1268.5;0.0
2;12100;VEV_5100;178;6;177;17;0;0;183;23;0;0;0;0;180.5;0.0
2;12100;VEV_5000;268;23;0;0;0;0;275;23;0;0;0;0;271.5;0.0
2;12100;VEV_5300;52;19;0;0;0;0;55;19;0;0;0;0;53.5;0.0
2;12100;VEV_5200;104;23;0;0;0;0;107;23;0;0;0;0;105.5;0.0
2;12100;VEV_6000;0;19;0;0;0;0;1;19;0;0;0;0;0.5;0.0
2;12100;HYDROGEL_PACK;10009;14;10007;24;0;0;10025;14;10028;24;0;0;10017.0;0.0
2;12100;VEV_5500;6;19;0;0;0;0;7;19;0;0;0;0;6.5;0.0
2;12100;VEV_5400;17;19;0;0;0;0;18;19;0;0;0;0;17.5;0.0
2;12100;VELVETFRUIT_EXTRACT;5266;72;0;0;0;0;5268;5;5271;24;5272;48;5267.0;0.0
2;12100;VEV_6500;0;14;0;0;0;0;1;14;0;0;0;0;0.5;0.0
2;12100;VEV_4500;760;6;759;17;0;0;777;6;779;17;0;0;768.5;0.0
2;12200;VEV_5500;6;19;0;0;0;0;7;19;0;0;0;0;6.5;0.0
2;12200;VEV_5400;17;19;0;0;0;0;18;19;0;0;0;0;17.5;0.0
2;12200;VEV_6500;0;17;0;0;0;0;1;17;0;0;0;0;0.5;0.0
2;12200;VEV_4500;760;11;758;12;0;0;777;11;778;12;0;0;768.5;0.0
2;12200;VEV_4000;1258;13;1255;21;0;0;1279;13;1282;21;0;0;1268.5;0.0
2;12200;VEV_5100;178;11;177;12;0;0;182;11;183;12;0;0;180.0;0.0
2;12200;VEV_5000;268;11;267;12;0;0;274;11;275;12;0;0;271.0;0.0
2;12200;VEV_5300;52;19;0;0;0;0;54;7;55;12;0;0;53.0;0.0
2;12200;VEV_5200;104;23;0;0;0;0;107;23;0;0;0;0;105.5;0.0
2;12200;HYDROGEL_PACK;10006;13;10004;24;0;0;10022;13;10025;24;0;0;10014.0;0.0
2;12200;VELVETFRUIT_EXTRACT;5266;22;5265;39;0;0;5271;22;5272;39;0;0;5268.5;0.0
2;12200;VEV_6000;0;19;0;0;0;0;1;19;0;0;0;0;0.5;0.0
2;12300;HYDROGEL_PACK;10004;11;10001;20;0;0;10020;11;10022;20;0;0;10012.0;0.0
2;12300;VELVETFRUIT_EXTRACT;5266;23;5265;45;0;0;5271;23;5272;45;0;0;5268.5;0.0
2;12300;VEV_5500;6;16;0;0;0;0;7;16;0;0;0;0;6.5;0.0
2;12300;VEV_5400;17;16;0;0;0;0;18;16;0;0;0;0;17.5;0.0
2;12300;VEV_6500;0;12;0;0;0;0;1;12;0;0;0;0;0.5;0.0
2;12300;VEV_4500;760;12;758;20;0;0;777;12;779;20;0;0;768.5;0.0
2;12300;VEV_4000;1258;10;1255;26;0;0;1279;10;1282;26;0;0;1268.5;0.0
2;12300;VEV_5100;178;12;177;20;0;0;182;12;183;20;0;0;180.0;0.0
2;12300;VEV_5000;268;12;267;20;0;0;274;12;275;20;0;0;271.0;0.0
2;12300;VEV_5300;52;16;0;0;0;0;54;5;55;11;0;0;53.0;0.0
2;12300;VEV_5200;104;32;0;0;0;0;107;32;0;0;0;0;105.5;0.0
2;12300;VEV_6000;0;16;0;0;0;0;1;16;0;0;0;0;0.5;0.0
2;12400;VELVETFRUIT_EXTRACT;5264;65;0;0;0;0;5269;25;5270;40;0;0;5266.5;0.0
2;12400;VEV_6000;0;30;0;0;0;0;1;30;0;0;0;0;0.5;0.0
2;12400;VEV_5500;6;30;0;0;0;0;7;30;0;0;0;0;6.5;0.0
2;12400;VEV_5400;16;30;0;0;0;0;18;30;0;0;0;0;17.0;0.0
2;12400;VEV_6500;0;14;0;0;0;0;1;14;0;0;0;0;0.5;0.0
2;12400;VEV_4500;759;6;757;17;0;0;775;6;777;17;0;0;767.0;0.0
2;12400;VEV_4000;1256;8;1254;16;0;0;1277;8;1280;16;0;0;1266.5;0.0
2;12400;VEV_5100;176;23;0;0;0;0;181;23;0;0;0;0;178.5;0.0
2;12400;VEV_5000;267;6;266;17;0;0;273;6;274;17;0;0;270.0;0.0
2;12400;VEV_5300;51;30;0;0;0;0;54;30;0;0;0;0;52.5;0.0
2;12400;VEV_5200;103;23;0;0;0;0;106;23;0;0;0;0;104.5;0.0
2;12400;HYDROGEL_PACK;10003;14;10001;28;0;0;10019;14;10022;28;0;0;10011.0;0.0
2;12500;VEV_4000;1257;9;1254;29;0;0;1278;9;1280;29;0;0;1267.5;0.0
2;12500;VEV_5100;177;8;176;16;0;0;181;8;182;16;0;0;179.0;0.0
2;12500;VEV_5000;267;8;266;16;0;0;273;8;274;16;0;0;270.0;0.0
2;12500;VEV_5300;52;5;51;18;0;0;54;23;0;0;0;0;53.0;0.0
2;12500;VEV_5200;103;24;0;0;0;0;106;24;0;0;0;0;104.5;0.0
2;12500;VEV_6000;0;23;0;0;0;0;1;23;0;0;0;0;0.5;0.0
2;12500;HYDROGEL_PACK;10001;15;9999;22;0;0;10017;15;10020;22;0;0;10009.0;0.0
2;12500;VELVETFRUIT_EXTRACT;5265;16;5264;35;0;0;5270;51;0;0;0;0;5267.5;0.0
2;12500;VEV_5500;6;23;0;0;0;0;7;23;0;0;0;0;6.5;0.0
2;12500;VEV_5400;16;23;0;0;0;0;18;23;0;0;0;0;17.0;0.0
2;12500;VEV_6500;0;16;0;0;0;0;1;16;0;0;0;0;0.5;0.0
2;12500;VEV_4500;759;8;757;16;0;0;775;8;777;16;0;0;767.0;0.0
2;12600;VEV_5400;16;15;0;0;0;0;18;15;0;0;0;0;17.0;0.0
2;12600;VEV_6500;0;15;0;0;0;0;1;15;0;0;0;0;0.5;0.0
2;12600;VEV_4500;759;11;757;21;0;0;775;11;777;21;0;0;767.0;0.0
2;12600;VEV_5500;6;15;0;0;0;0;7;15;0;0;0;0;6.5;0.0
2;12600;VEV_4000;1256;7;1254;20;0;0;1277;7;1280;20;0;0;1266.5;0.0
2;12600;VEV_5100;176;32;0;0;0;0;181;32;0;0;0;0;178.5;0.0
2;12600;VEV_5000;267;11;266;21;0;0;273;11;274;21;0;0;270.0;0.0
2;12600;VEV_5300;51;15;0;0;0;0;54;15;0;0;0;0;52.5;0.0
2;12600;VEV_5200;103;32;0;0;0;0;106;32;0;0;0;0;104.5;0.0
2;12600;HYDROGEL_PACK;10003;11;10001;28;0;0;10019;11;10022;28;0;0;10011.0;0.0
2;12600;VELVETFRUIT_EXTRACT;5264;58;0;0;0;0;5269;18;5270;40;0;0;5266.5;0.0
2;12600;VEV_6000;0;15;0;0;0;0;1;15;0;0;0;0;0.5;0.0
2;12700;HYDROGEL_PACK;10002;15;10000;23;0;0;10018;15;10021;23;0;0;10010.0;0.0
2;12700;VELVETFRUIT_EXTRACT;5264;20;5263;37;0;0;5266;7;5269;20;5270;37;5265.0;0.0
2;12700;VEV_5400;16;22;0;0;0;0;18;22;0;0;0;0;17.0;0.0
2;12700;VEV_6500;0;16;0;0;0;0;1;16;0;0;0;0;0.5;0.0
2;12700;VEV_4500;758;8;756;22;0;0;775;8;777;22;0;0;766.5;0.0
2;12700;VEV_5500;6;22;0;0;0;0;7;22;0;0;0;0;6.5;0.0
2;12700;VEV_4000;1256;14;1253;18;0;0;1277;14;1280;18;0;0;1266.5;0.0
2;12700;VEV_5200;103;8;102;22;0;0;106;30;0;0;0;0;104.5;0.0
2;12700;VEV_5300;51;22;0;0;0;0;54;22;0;0;0;0;52.5;0.0
2;12700;VEV_5000;266;30;0;0;0;0;273;30;0;0;0;0;269.5;0.0
2;12700;VEV_5100;176;30;0;0;0;0;181;30;0;0;0;0;178.5;0.0
2;12700;VEV_6000;0;22;0;0;0;0;1;22;0;0;0;0;0.5;0.0
2;12800;VELVETFRUIT_EXTRACT;5263;69;0;0;0;0;5268;19;5269;50;0;0;5265.5;0.0
2;12800;VEV_6000;0;28;0;0;0;0;1;28;0;0;0;0;0.5;0.0
2;12800;VEV_5400;16;28;0;0;0;0;18;28;0;0;0;0;17.0;0.0
2;12800;VEV_6500;0;16;0;0;0;0;1;16;0;0;0;0;0.5;0.0
2;12800;VEV_4500;758;12;756;24;0;0;774;12;776;24;0;0;766.0;0.0
2;12800;VEV_5500;6;28;0;0;0;0;7;28;0;0;0;0;6.5;0.0
2;12800;VEV_4000;1255;11;1253;22;0;0;1276;11;1279;22;0;0;1265.5;0.0
2;12800;VEV_5200;102;36;0;0;0;0;105;36;0;0;0;0;103.5;0.0
2;12800;VEV_5300;51;28;0;0;0;0;53;28;0;0;0;0;52.0;0.0
2;12800;VEV_5000;265;36;0;0;0;0;272;12;273;24;0;0;268.5;0.0
2;12800;VEV_5100;175;36;0;0;0;0;180;36;0;0;0;0;177.5;0.0
2;12800;HYDROGEL_PACK;10004;15;10001;23;0;0;10020;15;10022;23;0;0;10012.0;0.0
2;12900;VEV_4000;1256;13;1253;15;0;0;1277;13;1279;15;0;0;1266.5;0.0
2;12900;VEV_5200;102;32;0;0;0;0;105;12;106;20;0;0;103.5;0.0
2;12900;VEV_5300;51;28;0;0;0;0;53;8;54;20;0;0;52.0;0.0
2;12900;VEV_5000;266;12;265;20;0;0;272;12;273;20;0;0;269.0;0.0
2;12900;VEV_5100;176;12;175;20;0;0;180;12;181;20;0;0;178.0;0.0
2;12900;VEV_6000;0;28;0;0;0;0;1;28;0;0;0;0;0.5;0.0
2;12900;HYDROGEL_PACK;10007;14;10004;29;0;0;10023;14;10025;29;0;0;10015.0;0.0
2;12900;VELVETFRUIT_EXTRACT;5264;20;5263;39;0;0;5269;59;0;0;0;0;5266.5;0.0
2;12900;VEV_5400;16;28;0;0;0;0;18;28;0;0;0;0;17.0;0.0
2;12900;VEV_6500;0;14;0;0;0;0;1;14;0;0;0;0;0.5;0.0
2;12900;VEV_4500;758;12;756;20;0;0;774;12;776;20;0;0;766.0;0.0
2;12900;VEV_5500;6;28;0;0;0;0;7;28;0;0;0;0;6.5;0.0
2;13000;VEV_5400;16;25;0;0;0;0;18;25;0;0;0;0;17.0;0.0
2;13000;VEV_6500;0;14;0;0;0;0;1;14;0;0;0;0;0.5;0.0
2;13000;VEV_4500;757;12;755;12;0;0;774;12;776;12;0;0;765.5;0.0
2;13000;VEV_5500;6;25;0;0;0;0;7;25;0;0;0;0;6.5;0.0
2;13000;VEV_4000;1255;9;1252;21;0;0;1276;9;1279;21;0;0;1265.5;0.0
2;13000;VEV_5200;102;24;0;0;0;0;105;24;0;0;0;0;103.5;0.0
2;13000;VEV_5300;51;25;0;0;0;0;53;25;0;0;0;0;52.0;0.0
2;13000;VEV_5000;265;24;0;0;0;0;272;24;0;0;0;0;268.5;0.0
2;13000;HYDROGEL_PACK;10004;13;10001;25;0;0;10020;13;10022;25;0;0;10012.0;0.0
2;13000;VEV_5100;175;24;0;0;0;0;180;24;0;0;0;0;177.5;0.0
2;13000;VELVETFRUIT_EXTRACT;5263;20;5262;44;0;0;5268;20;5269;44;0;0;5265.5;0.0
2;13000;VEV_6000;0;25;0;0;0;0;1;25;0;0;0;0;0.5;0.0
2;13100;HYDROGEL_PACK;10006;15;10004;24;0;0;10022;15;10025;24;0;0;10014.0;0.0
2;13100;VELVETFRUIT_EXTRACT;5263;50;0;0;0;0;5269;50;0;0;0;0;5266.0;0.0
2;13100;VEV_4500;758;8;756;15;0;0;765;3;774;8;776;15;761.5;0.0
2;13100;VEV_5400;16;16;0;0;0;0;18;19;0;0;0;0;17.0;0.0
2;13100;VEV_6500;0;11;0;0;0;0;1;14;0;0;0;0;0.5;0.0
2;13100;VEV_5500;6;16;0;0;0;0;7;19;0;0;0;0;6.5;0.0
2;13100;VEV_4000;1255;9;1253;18;0;0;1265;3;1277;9;1279;18;1260.0;0.0
2;13100;VEV_5200;102;23;0;0;0;0;103;3;105;23;0;0;102.5;0.0
2;13100;VEV_5300;51;19;0;0;0;0;52;3;53;19;0;0;51.5;0.0
2;13100;VEV_5000;266;8;265;15;0;0;268;3;272;8;273;15;267.0;0.0
2;13100;VEV_5100;176;8;175;15;0;0;177;3;180;8;181;15;176.5;0.0
2;13100;VEV_6000;0;16;0;0;0;0;1;19;0;0;0;0;0.5;0.0
2;13200;VELVETFRUIT_EXTRACT;5265;20;5264;49;0;0;5270;69;0;0;0;0;5267.5;0.0
2;13200;VEV_6000;0;23;0;0;0;0;1;23;0;0;0;0;0.5;0.0
2;13200;VEV_4500;759;11;757;17;0;0;775;11;777;17;0;0;767.0;0.0
2;13200;VEV_5400;16;23;0;0;0;0;18;23;0;0;0;0;17.0;0.0
2;13200;VEV_6500;0;14;0;0;0;0;1;14;0;0;0;0;0.5;0.0
2;13200;VEV_5500;6;23;0;0;0;0;7;23;0;0;0;0;6.5;0.0
2;13200;VEV_5200;103;28;0;0;0;0;106;28;0;0;0;0;104.5;0.0
2;13200;VEV_5300;52;6;51;17;0;0;54;23;0;0;0;0;53.0;0.0
2;13200;VEV_5000;267;11;266;17;0;0;273;11;274;17;0;0;270.0;0.0
2;13200;HYDROGEL_PACK;10004;12;10001;20;0;0;10020;12;10022;20;0;0;10012.0;0.0
2;13200;VEV_4000;1257;13;1254;26;0;0;1278;13;1280;26;0;0;1267.5;0.0
2;13200;VEV_5100;177;11;176;17;0;0;181;11;182;17;0;0;179.0;0.0
2;13300;VEV_5200;103;30;0;0;0;0;106;8;107;22;0;0;104.5;0.0
2;13300;VEV_5300;52;29;0;0;0;0;54;29;0;0;0;0;53.0;0.0
2;13300;VEV_5000;267;30;0;0;0;0;274;8;275;22;0;0;270.5;0.0
2;13300;VEV_4000;1257;13;1255;27;0;0;1278;13;1281;27;0;0;1267.5;0.0
2;13300;VEV_5100;177;30;0;0;0;0;182;30;0;0;0;0;179.5;0.0
2;13300;VEV_6000;0;29;0;0;0;0;1;29;0;0;0;0;0.5;0.0
2;13300;HYDROGEL_PACK;10007;15;10004;29;0;0;10023;15;10025;29;0;0;10015.0;0.0
2;13300;VELVETFRUIT_EXTRACT;5265;74;0;0;0;0;5270;25;5271;49;0;0;5267.5;0.0
2;13300;VEV_4500;760;8;758;22;0;0;776;8;778;22;0;0;768.0;0.0
2;13300;VEV_5400;17;29;0;0;0;0;18;29;0;0;0;0;17.5;0.0
2;13300;VEV_6500;0;13;0;0;0;0;1;13;0;0;0;0;0.5;0.0
2;13300;VEV_5500;6;29;0;0;0;0;7;29;0;0;0;0;6.5;0.0
2;13400;VEV_4500;759;12;757;20;0;0;775;12;777;20;0;0;767.0;0.0
2;13400;VEV_5400;16;25;0;0;0;0;18;25;0;0;0;0;17.0;0.0
2;13400;VEV_6500;0;17;0;0;0;0;1;17;0;0;0;0;0.5;0.0
2;13400;VEV_5500;6;25;0;0;0;0;7;25;0;0;0;0;6.5;0.0
2;13400;VEV_5200;103;12;102;20;0;0;106;32;0;0;0;0;104.5;0.0
2;13400;VEV_5300;51;25;0;0;0;0;54;25;0;0;0;0;52.5;0.0
2;13400;VEV_5000;267;12;266;20;0;0;273;12;274;20;0;0;270.0;0.0
2;13400;HYDROGEL_PACK;10006;12;10004;29;0;0;10022;12;10025;29;0;0;10014.0;0.0
2;13400;VEV_4000;1256;11;1254;15;0;0;1278;11;1280;15;0;0;1267.0;0.0
2;13400;VEV_5100;176;32;0;0;0;0;181;32;0;0;0;0;178.5;0.0
2;13400;VEV_6000;0;25;0;0;0;0;1;25;0;0;0;0;0.5;0.0
2;13400;VELVETFRUIT_EXTRACT;5264;64;0;0;0;0;5270;64;0;0;0;0;5267.0;0.0
2;13500;HYDROGEL_PACK;10005;15;10003;21;0;0;10021;15;10024;21;0;0;10013.0;0.0
2;13500;VELVETFRUIT_EXTRACT;5262;71;0;0;0;0;5268;71;0;0;0;0;5265.0;0.0
2;13500;VEV_4500;757;6;755;19;0;0;773;6;775;19;0;0;765.0;0.0
2;13500;VEV_5400;16;25;0;0;0;0;17;25;0;0;0;0;16.5;0.0
2;13500;VEV_6500;0;14;0;0;0;0;1;14;0;0;0;0;0.5;0.0
2;13500;VEV_5500;6;25;0;0;0;0;7;25;0;0;0;0;6.5;0.0
2;13500;VEV_5200;102;6;101;19;0;0;105;25;0;0;0;0;103.5;0.0
2;13500;VEV_5300;51;6;50;19;0;0;53;25;0;0;0;0;52.0;0.0
2;13500;VEV_5000;265;6;264;19;0;0;271;6;272;19;0;0;268.0;0.0
2;13500;VEV_4000;1254;13;1252;26;0;0;1276;13;1278;26;0;0;1265.0;0.0
2;13500;VEV_5100;175;6;174;19;0;0;179;6;180;19;0;0;177.0;0.0
2;13500;VEV_6000;0;25;0;0;0;0;1;25;0;0;0;0;0.5;0.0
2;13600;VEV_6000;0;20;0;0;0;0;1;20;0;0;0;0;0.5;0.0
2;13600;VELVETFRUIT_EXTRACT;5263;22;5262;50;0;0;5268;22;5269;50;0;0;5265.5;0.0
2;13600;VEV_4500;757;9;755;14;0;0;774;9;776;14;0;0;765.5;0.0
2;13600;VEV_5400;16;20;0;0;0;0;18;20;0;0;0;0;17.0;0.0
2;13600;VEV_6500;0;13;0;0;0;0;1;13;0;0;0;0;0.5;0.0
2;13600;VEV_5500;6;20;0;0;0;0;7;20;0;0;0;0;6.5;0.0
2;13600;VEV_5200;102;23;0;0;0;0;105;23;0;0;0;0;103.5;0.0
2;13600;VEV_5300;51;20;0;0;0;0;53;20;0;0;0;0;52.0;0.0
2;13600;VEV_5000;265;23;0;0;0;0;272;23;0;0;0;0;268.5;0.0
2;13600;HYDROGEL_PACK;10004;11;10001;30;0;0;10020;11;10022;30;0;0;10012.0;0.0
2;13600;VEV_4000;1255;15;1252;22;0;0;1276;15;1279;22;0;0;1265.5;0.0
2;13600;VEV_5100;175;23;0;0;0;0;180;23;0;0;0;0;177.5;0.0
2;13700;VEV_5200;102;10;101;22;0;0;105;32;0;0;0;0;103.5;0.0
2;13700;VEV_5300;51;8;50;20;0;0;53;28;0;0;0;0;52.0;0.0
2;13700;VEV_5000;265;10;264;22;0;0;271;10;272;22;0;0;268.0;0.0
2;13700;VEV_4000;1255;14;1252;29;0;0;1276;14;1278;29;0;0;1265.5;0.0
2;13700;VEV_5100;175;10;174;22;0;0;179;10;180;22;0;0;177.0;0.0
2;13700;VEV_6000;0;28;0;0;0;0;1;28;0;0;0;0;0.5;0.0
2;13700;HYDROGEL_PACK;10004;10;10001;29;0;0;10020;10;10022;29;0;0;10012.0;0.0
2;13700;VELVETFRUIT_EXTRACT;5263;22;5262;32;0;0;5268;54;0;0;0;0;5265.5;0.0
2;13700;VEV_4500;757;10;755;22;0;0;773;10;775;22;0;0;765.0;0.0
2;13700;VEV_5400;16;28;0;0;0;0;17;8;18;20;0;0;16.5;0.0
2;13700;VEV_5500;6;28;0;0;0;0;7;28;0;0;0;0;6.5;0.0
2;13700;VEV_6500;0;20;0;0;0;0;1;20;0;0;0;0;0.5;0.0
2;13800;VEV_4500;758;6;756;18;0;0;774;6;776;18;0;0;766.0;0.0
2;13800;VEV_5500;6;21;0;0;0;0;7;21;0;0;0;0;6.5;0.0
2;13800;VEV_5400;16;21;0;0;0;0;18;21;0;0;0;0;17.0;0.0
2;13800;VEV_6500;0;17;0;0;0;0;1;17;0;0;0;0;0.5;0.0
2;13800;VEV_5300;51;21;0;0;0;0;53;21;0;0;0;0;52.0;0.0
2;13800;VEV_5200;102;24;0;0;0;0;105;24;0;0;0;0;103.5;0.0
2;13800;VEV_5100;175;24;0;0;0;0;180;24;0;0;0;0;177.5;0.0
2;13800;HYDROGEL_PACK;10006;12;10003;26;0;0;10022;12;10024;26;0;0;10014.0;0.0
2;13800;VEV_4000;1255;11;1253;29;0;0;1276;11;1279;29;0;0;1265.5;0.0
2;13800;VEV_5000;266;6;265;18;0;0;272;6;273;18;0;0;269.0;0.0
2;13800;VEV_6000;0;21;0;0;0;0;1;21;0;0;0;0;0.5;0.0
2;13800;VELVETFRUIT_EXTRACT;5263;65;0;0;0;0;5268;17;5269;48;0;0;5265.5;0.0
2;13900;HYDROGEL_PACK;10011;12;10008;20;0;0;10027;12;10029;20;0;0;10019.0;0.0
2;13900;VELVETFRUIT_EXTRACT;5264;15;5263;35;0;0;5269;15;5270;35;0;0;5266.5;0.0
2;13900;VEV_4500;758;11;757;19;0;0;775;11;777;19;0;0;766.5;0.0
2;13900;VEV_5500;6;26;0;0;0;0;7;26;0;0;0;0;6.5;0.0
2;13900;VEV_5400;16;26;0;0;0;0;18;26;0;0;0;0;17.0;0.0
2;13900;VEV_6500;0;18;0;0;0;0;1;18;0;0;0;0;0.5;0.0
2;13900;VEV_5300;51;26;0;0;0;0;53;6;54;20;0;0;52.0;0.0
2;13900;VEV_5200;102;30;0;0;0;0;106;30;0;0;0;0;104.0;0.0
2;13900;VEV_5100;176;30;0;0;0;0;181;30;0;0;0;0;178.5;0.0
2;13900;VEV_4000;1256;10;1253;17;0;0;1277;10;1280;17;0;0;1266.5;0.0
2;13900;VEV_5000;266;30;0;0;0;0;273;30;0;0;0;0;269.5;0.0
2;13900;VEV_6000;0;26;0;0;0;0;1;26;0;0;0;0;0.5;0.0
